
% dipole
@article{Catani:1996jh,
      author         = "Catani, S. and Seymour, M. H.",
      title          = "{The Dipole formalism for the calculation of QCD jet
                        cross-sections at next-to-leading order}",
      journal        = "Phys. Lett.",
      volume         = "B378",
      year           = "1996",
      pages          = "287-301",
      doi            = "10.1016/0370-2693(96)00425-X",
      eprint         = "hep-ph/9602277",
      archivePrefix  = "arXiv",
      primaryClass   = "hep-ph",
      reportNumber   = "CERN-TH-96-28",
      SLACcitation   = "%%CITATION = HEP-PH/9602277;%%"
}
@article{Catani:1996vz,
      author         = "Catani, S. and Seymour, M. H.",
      title          = "{A General algorithm for calculating jet cross-sections
                        in NLO QCD}",
      journal        = "Nucl. Phys.",
      volume         = "B485",
      year           = "1997",
      pages          = "291-419",
      doi            = "10.1016/S0550-3213(96)00589-5,
                        10.1016/S0550-3213(98)81022-5",
      note           = "[Erratum: Nucl. Phys.B510,503(1998)]",
      eprint         = "hep-ph/9605323",
      archivePrefix  = "arXiv",
      primaryClass   = "hep-ph",
      reportNumber   = "CERN-TH-96-029, CERN-TH-96-29",
      SLACcitation   = "%%CITATION = HEP-PH/9605323;%%"
}
%sector decomposition
@article{Binoth:2000ps,
      author         = "Binoth, T. and Heinrich, G.",
      title          = "{An automatized algorithm to compute infrared divergent
                        multiloop integrals}",
      journal        = "Nucl. Phys.",
      volume         = "B585",
      year           = "2000",
      pages          = "741-759",
      doi            = "10.1016/S0550-3213(00)00429-6",
      eprint         = "hep-ph/0004013",
      archivePrefix  = "arXiv",
      primaryClass   = "hep-ph",
      reportNumber   = "LAPTH-789-00, LPT-ORSAY-00-37",
      SLACcitation   = "%%CITATION = HEP-PH/0004013;%%"
}
@article{Anastasiou:2003gr,
      author         = "Anastasiou, Charalampos and Melnikov, Kirill and
                        Petriello, Frank",
      title          = "{A new method for real radiation at NNLO}",
      journal        = "Phys. Rev.",
      volume         = "D69",
      year           = "2004",
      pages          = "076010",
      doi            = "10.1103/PhysRevD.69.076010",
      eprint         = "hep-ph/0311311",
      archivePrefix  = "arXiv",
      primaryClass   = "hep-ph",
      reportNumber   = "SLAC-PUB-10252, UH-511-1039-03",
      SLACcitation   = "%%CITATION = HEP-PH/0311311;%%"
}
@article{Anastasiou:2005qj,
      author         = "Anastasiou, Charalampos and Melnikov, Kirill and
                        Petriello, Frank",
      title          = "{Fully differential Higgs boson production and the
                        di-photon signal through next-to-next-to-leading order}",
      journal        = "Nucl. Phys.",
      volume         = "B724",
      year           = "2005",
      pages          = "197-246",
      doi            = "10.1016/j.nuclphysb.2005.06.036",
      eprint         = "hep-ph/0501130",
      archivePrefix  = "arXiv",
      primaryClass   = "hep-ph",
      reportNumber   = "UH-511-1066-05",
      SLACcitation   = "%%CITATION = HEP-PH/0501130;%%"
}
% NNLOjet jet cross section
@article{Currie:2016bfm,
      author         = "Currie, J and Glover, E. W. N. and Pires, J",
      title          = "{Next-to-Next-to Leading Order QCD Predictions for Single
                        Jet Inclusive Production at the LHC}",
      journal        = "Phys. Rev. Lett.",
      volume         = "118",
      year           = "2017",
      number         = "7",
      pages          = "072002",
      doi            = "10.1103/PhysRevLett.118.072002",
      eprint         = "1611.01460",
      archivePrefix  = "arXiv",
      primaryClass   = "hep-ph",
      reportNumber   = "IPPP-16-110, MPP-2016-322",
      SLACcitation   = "%%CITATION = ARXIV:1611.01460;%%"
}

@article{Currie:2017ctp,
      author         = "Currie, James and Glover, E. W. N. and Gehrmann, Thomas
                        and Gehrmann-De Ridder, Aude and Huss, Alexander and
                        Pires, Joao",
      title          = "{Single Jet Inclusive Production for the Individual Jet
                        $p_{\rm T}$ Scale Choice at the LHC}",
      journal        = "Acta Phys. Polon.",
      volume         = "B48",
      year           = "2017",
      pages          = "955-967",
      doi            = "10.5506/APhysPolB.48.955",
      eprint         = "1704.00923",
      archivePrefix  = "arXiv",
      primaryClass   = "hep-ph",
      reportNumber   = "IPPP-17-27, MPP-2017-61",
      SLACcitation   = "%%CITATION = ARXIV:1704.00923;%%"
}
@article{Currie:2017eqf,
      author         = "Currie, James and Gehrmann-De Ridder, Aude and Gehrmann,
                        Thomas and Glover, E. W. N. and Huss, Alexander and Pires,
                        Joao",
      title          = "{Precise predictions for dijet production at the LHC}",
      journal        = "Phys. Rev. Lett.",
      volume         = "119",
      year           = "2017",
      number         = "15",
      pages          = "152001",
      doi            = "10.1103/PhysRevLett.119.152001",
      eprint         = "1705.10271",
      archivePrefix  = "arXiv",
      primaryClass   = "hep-ph",
      reportNumber   = "IPPP-17-45, ZU-TH-13-17, MPP-2017-107",
      SLACcitation   = "%%CITATION = ARXIV:1705.10271;%%"
}
% CMS DY
@article{Chatrchyan:2013tia,
      author         = "Chatrchyan, Sergei and others",
      title          = "{Measurement of the Differential and Double-Differential
                        Drell-Yan Cross Sections in Proton-Proton Collisions at
                        $\sqrt{s} =$ 7 TeV}",
      collaboration  = "CMS",
      journal        = "JHEP",
      volume         = "12",
      year           = "2013",
      pages          = "030",
      doi            = "10.1007/JHEP12(2013)030",
      eprint         = "1310.7291",
      archivePrefix  = "arXiv",
      primaryClass   = "hep-ex",
      reportNumber   = "CMS-SMP-13-003, CERN-PH-EP-2013-168",
      SLACcitation   = "%%CITATION = ARXIV:1310.7291;%%"
}
@article{CMS:2014jea,
      author         = "Khachatryan, Vardan and others",
      title          = "{Measurements of differential and double-differential
                        Drell-Yan cross sections in proton-proton collisions at 8
                        TeV}",
      collaboration  = "CMS",
      journal        = "Eur. Phys. J.",
      volume         = "C75",
      year           = "2015",
      number         = "4",
      pages          = "147",
      doi            = "10.1140/epjc/s10052-015-3364-2",
      eprint         = "1412.1115",
      archivePrefix  = "arXiv",
      primaryClass   = "hep-ex",
      reportNumber   = "CMS-SMP-14-003, CERN-PH-EP-2014-289",
      SLACcitation   = "%%CITATION = ARXIV:1412.1115;%%"
}
% W+charm
@article{Aad:2014xca,
      author         = "Aad, Georges and others",
      title          = "{Measurement of the production of a $W$ boson in
                        association with a charm quark in $pp$ collisions at
                        $\sqrt{s} =$ 7 TeV with the ATLAS detector}",
      collaboration  = "ATLAS",
      journal        = "JHEP",
      volume         = "05",
      year           = "2014",
      pages          = "068",
      doi            = "10.1007/JHEP05(2014)068",
      eprint         = "1402.6263",
      archivePrefix  = "arXiv",
      primaryClass   = "hep-ex",
      reportNumber   = "CERN-PH-EP-2014-007",
      SLACcitation   = "%%CITATION = ARXIV:1402.6263;%%"
}
@article{Chatrchyan:2013uja,
      author         = "Chatrchyan, Serguei and others",
      title          = "{Measurement of Associated W + Charm Production in pp
                        Collisions at $\sqrt{s}$ = 7 TeV}",
      collaboration  = "CMS",
      journal        = "JHEP",
      volume         = "02",
      year           = "2014",
      pages          = "013",
      doi            = "10.1007/JHEP02(2014)013",
      eprint         = "1310.1138",
      archivePrefix  = "arXiv",
      primaryClass   = "hep-ex",
      reportNumber   = "CMS-SMP-12-002, CERN-PH-EP-2013-149",
      SLACcitation   = "%%CITATION = ARXIV:1310.1138;%%"
}
%MRSTqed2004
@article{Martin:2004dh,
      author         = "Martin, A. D. and Roberts, R. G. and Stirling, W. J. and
                        Thorne, R. S.",
      title          = "{Parton distributions incorporating QED contributions}",
      journal        = "Eur. Phys. J.",
      volume         = "C39",
      year           = "2005",
      pages          = "155-161",
      doi            = "10.1140/epjc/s2004-02088-7",
      eprint         = "hep-ph/0411040",
      archivePrefix  = "arXiv",
      primaryClass   = "hep-ph",
      reportNumber   = "IPPP-04-62, DCPT-04-124, CAVENDISH-HEP-2004-28",
      SLACcitation   = "%%CITATION = HEP-PH/0411040;%%"
}
% ResBos
@article{Ladinsky:1993zn,
      author         = "Ladinsky, G. A. and Yuan, C.-P.",
      title          = "{The Nonperturbative regime in QCD resummation for gauge
                        boson production at hadron colliders}",
      journal        = "Phys. Rev.",
      volume         = "D50",
      year           = "1994",
      pages          = "R4239",
      doi            = "10.1103/PhysRevD.50.R4239",
      eprint         = "hep-ph/9311341",
      archivePrefix  = "arXiv",
      primaryClass   = "hep-ph",
      reportNumber   = "MSUHEP-93-20, MSUTH-93-20",
      SLACcitation   = "%%CITATION = HEP-PH/9311341;%%"
}
@article{Konychev:2005iy,
      author         = "Konychev, Anton V. and Nadolsky, Pavel M.",
      title          = "{Universality of the Collins-Soper-Sterman
                        nonperturbative function in gauge boson production}",
      journal        = "Phys. Lett.",
      volume         = "B633",
      year           = "2006",
      pages          = "710-714",
      doi            = "10.1016/j.physletb.2005.12.063",
      eprint         = "hep-ph/0506225",
      archivePrefix  = "arXiv",
      primaryClass   = "hep-ph",
      reportNumber   = "ANL-HEP-PR-05-52",
      SLACcitation   = "%%CITATION = HEP-PH/0506225;%%"
}
%fastNLO
@inproceedings{Britzger:2012bs,
      author         = "Britzger, Daniel and Rabbertz, Klaus and Stober, Fred and
                        Wobisch, Markus",
      title          = "{New features in version 2 of the fastNLO project}",
      collaboration  = "fastNLO",
      year           = "2012",
      pages          = "217-221",
      doi            = "10.3204/DESY-PROC-2012-02/165",
      eprint         = "1208.3641",
      archivePrefix  = "arXiv",
      primaryClass   = "hep-ph",
      SLACcitation   = "%%CITATION = ARXIV:1208.3641;%%"
}
%MCSANC
@article{Arbuzov:2015yja,
      author         = "Arbuzov, A. and Bardin, D. and Bondarenko, S. and
                        Christova, P. and Kalinovskaya, L. and Klein, U. and
                        Kolesnikov, V. and Rumyantsev, L. and Sadykov, R. and
                        Sapronov, A.",
      title          = "{Update of the MCSANC Monte Carlo integrator, v. 1.20}",
      journal        = "JETP Lett.",
      volume         = "103",
      year           = "2016",
      number         = "2",
      pages          = "131-136",
      doi            = "10.1134/S0021364016020041",
      eprint         = "1509.03052",
      archivePrefix  = "arXiv",
      primaryClass   = "hep-ph",
      SLACcitation   = "%%CITATION = ARXIV:1509.03052;%%"
}
%LUXqed17
@article{Manohar:2017eqh,
      author         = "Manohar, Aneesh V. and Nason, Paolo and Salam, Gavin P.
                        and Zanderighi, Giulia",
      title          = "{The Photon Content of the Proton}",
      journal        = "JHEP",
      volume         = "12",
      year           = "2017",
      pages          = "046",
      doi            = "10.1007/JHEP12(2017)046",
      eprint         = "1708.01256",
      archivePrefix  = "arXiv",
      primaryClass   = "hep-ph",
      reportNumber   = "CERN-TH-2017-141",
      SLACcitation   = "%%CITATION = ARXIV:1708.01256;%%"
}

%MMHT2015qed PDF
@article{Harland-Lang:2019pla,
      author         = "Harland-Lang, L. A. and Martin, A. D. and Nathvani, R.
                        and Thorne, R. S.",
      title          = "{Ad Lucem: QED Parton Distribution Functions in the MMHT
                        Framework}",
      journal        = "Eur. Phys. J.",
      volume         = "C79",
      year           = "2019",
      number         = "10",
      pages          = "811",
      doi            = "10.1140/epjc/s10052-019-7296-0",
      eprint         = "1907.02750",
      archivePrefix  = "arXiv",
      primaryClass   = "hep-ph",
      SLACcitation   = "%%CITATION = ARXIV:1907.02750;%%"
}

%MMHT14
@article{Harland-Lang:2014zoa,
      author         = "Harland-Lang, L. A. and Martin, A. D. and Motylinski, P.
                        and Thorne, R. S.",
      title          = "{Parton distributions in the LHC era: MMHT 2014 PDFs}",
      journal        = "Eur. Phys. J.",
      volume         = "C75",
      year           = "2015",
      number         = "5",
      pages          = "204",
      doi            = "10.1140/epjc/s10052-015-3397-6",
      eprint         = "1412.3989",
      archivePrefix  = "arXiv",
      primaryClass   = "hep-ph",
      reportNumber   = "LCTS-2014-47, IPPP-14-97, DCPT-14-194",
      SLACcitation   = "%%CITATION = ARXIV:1412.3989;%%"
}

%applgrid
@article{Carli:2010rw,
      author         = "Carli, Tancredi and Clements, Dan and Cooper-Sarkar,
                        Amanda and Gwenlan, Claire and Salam, Gavin P. and
                        Siegert, Frank and Starovoitov, Pavel and Sutton, Mark",
      title          = "{A posteriori inclusion of parton density functions in
                        NLO QCD final-state calculations at hadron colliders: The
                        APPLGRID Project}",
      journal        = "Eur. Phys. J.",
      volume         = "C66",
      year           = "2010",
      pages          = "503-524",
      doi            = "10.1140/epjc/s10052-010-1255-0",
      eprint         = "0911.2985",
      archivePrefix  = "arXiv",
      primaryClass   = "hep-ph",
      SLACcitation   = "%%CITATION = ARXIV:0911.2985;%%"
}


%Fastnlo1
@Misc{Wobisch:2011ij,
      author         = "Wobisch, M. and Britzger, D. and Kluge, T. and Rabbertz,
                        K. and Stober, F.",
      collaboration  = "fastNLO",
      year           = "2011",
      eprint         = "1109.1310",
      archivePrefix  = "arXiv",
      primaryClass   = "hep-ph",
      reportNumber   = "DESY-11-150, FERMILAB-PUB-11-418-PPD",
      SLACcitation   = "%%CITATION = ARXIV:1109.1310;%%"
}

%Fastnnlo
@Misc{Czakon:2017dip,
      author         = "Czakon, Michal and Heymes, David and Mitov, Alexander",
      year           = "2017",
      eprint         = "1704.08551",
      archivePrefix  = "arXiv",
      primaryClass   = "hep-ph",
      reportNumber   = "CAVENDISH-HEP-17-08, TTK-17-10",
      SLACcitation   = "%%CITATION = ARXIV:1704.08551;%%"
}


%PDFsense
@article{Wang:2018heo,
      author         = "Wang, Bo-Ting and Hobbs, T. J. and Doyle, Sean and Gao,
                        Jun and Hou, Tie-Jiun and Nadolsky, Pavel M. and Olness,
                        Fredrick I.",
      title          = "{Mapping the sensitivity of hadronic experiments to
                        nucleon structure}",
      journal        = "Phys. Rev.",
      volume         = "D98",
      year           = "2018",
      number         = "9",
      pages          = "094030",
      doi            = "10.1103/PhysRevD.98.094030",
      eprint         = "1803.02777",
      archivePrefix  = "arXiv",
      primaryClass   = "hep-ph",
      reportNumber   = "SMU-HEP-18-04",
      SLACcitation   = "%%CITATION = ARXIV:1803.02777;%%"
}



%cms decorrelation
@article{Khachatryan:2014waa,
      author         = "Khachatryan, Vardan and others",
      title          = "{Constraints on parton distribution functions and
                        extraction of the strong coupling constant from the
                        inclusive jet cross section in pp collisions at $\sqrt{s}
                        = 7$ $\,\text {TeV}$}",
      collaboration  = "CMS",
      journal        = "Eur. Phys. J.",
      volume         = "C75",
      year           = "2015",
      number         = "6",
      pages          = "288",
      doi            = "10.1140/epjc/s10052-015-3499-1",
      eprint         = "1410.6765",
      archivePrefix  = "arXiv",
      primaryClass   = "hep-ex",
      reportNumber   = "CMS-SMP-12-028, CERN-PH-EP-2014-238",
      SLACcitation   = "%%CITATION = ARXIV:1410.6765;%%"
}

@article{Schmidt:2018hvu,
      author         = "Schmidt, Carl and Pumplin, Jon and Yuan, C.-P. ",
      title          = "{Updating and optimizing error parton distribution
                        function sets in the Hessian approach}",
      journal        = "Phys. Rev.",
      volume         = "D98",
      year           = "2018",
      number         = "9",
      pages          = "094005",
      doi            = "10.1103/PhysRevD.98.094005",
      eprint         = "1806.07950",
      archivePrefix  = "arXiv",
      primaryClass   = "hep-ph",
      reportNumber   = "MSUHEP-18-006",
      SLACcitation   = "%%CITATION = ARXIV:1806.07950;%%"
}

@Misc{MitovPrivate,
  author =       {Mitov, A. and Czakon, M.},
  OPTtitle =        {},
  note =         {private communication},
  OPTkey =       {},
  OPTmonth =     {},
  year =      {2018},
  OPTannote =    {}
}

@article{Aaij:2015gna,
      author         = "Aaij, Roel and others",
      title          = "{Measurement of the forward $Z$ boson production
                        cross-section in $pp$ collisions at $\sqrt{s}=7$ TeV}",
      collaboration  = "LHCb",
      journal        = "JHEP",
      volume         = "08",
      year           = "2015",
      pages          = "039",
      doi            = "10.1007/JHEP08(2015)039",
      eprint         = "1505.07024",
      archivePrefix  = "arXiv",
      primaryClass   = "hep-ex",
      reportNumber   = "LHCB-PAPER-2015-001, CERN-PH-EP-2015-102",
      SLACcitation   = "%%CITATION = ARXIV:1505.07024;%%"
}

@article{Aaij:2015vua,
      author         = "Aaij, Roel and others",
      title          = "{Measurement of forward $\rm Z\rightarrow e^+e^-$
                        production at $\sqrt{s}=8$ TeV}",
      collaboration  = "LHCb",
      journal        = "JHEP",
      volume         = "05",
      year           = "2015",
      pages          = "109",
      doi            = "10.1007/JHEP05(2015)109",
      eprint         = "1503.00963",
      archivePrefix  = "arXiv",
      primaryClass   = "hep-ex",
      reportNumber   = "CERN-PH-EP-2015-045, LHCB-PAPER-2015-003,
                        CERN-PH-EP-2015-045-LHCB-PAPER-2015-003",
      SLACcitation   = "%%CITATION = ARXIV:1503.00963;%%"
}

@article{Aaboud:2016btc,
      author         = "Aaboud, Morad and others",
      title          = "{Precision measurement and interpretation of inclusive
                        $W^+$ , $W^-$ and $Z/\gamma ^*$ production cross sections
                        with the ATLAS detector}",
      collaboration  = "ATLAS",
      journal        = "Eur. Phys. J.",
      volume         = "C77",
      year           = "2017",
      number         = "6",
      pages          = "367",
      doi            = "10.1140/epjc/s10052-017-4911-9",
      eprint         = "1612.03016",
      archivePrefix  = "arXiv",
      primaryClass   = "hep-ex",
      reportNumber   = "CERN-EP-2016-272",
      SLACcitation   = "%%CITATION = ARXIV:1612.03016;%%"
}

@article{Khachatryan:2016pev,
      author         = "Khachatryan, Vardan and others",
      title          = "{Measurement of the differential cross section and charge
                        asymmetry for inclusive $\mathrm {p}\mathrm {p}\rightarrow
                        \mathrm {W}^{\pm }+X$ production at ${\sqrt{s}} = 8$ TeV}",
      collaboration  = "CMS",
      journal        = "Eur. Phys. J.",
      volume         = "C76",
      year           = "2016",
      number         = "8",
      pages          = "469",
      doi            = "10.1140/epjc/s10052-016-4293-4",
      eprint         = "1603.01803",
      archivePrefix  = "arXiv",
      primaryClass   = "hep-ex",
      reportNumber   = "CMS-SMP-14-022, CERN-EP-2016-043",
      SLACcitation   = "%%CITATION = ARXIV:1603.01803;%%"
}

@article{Aaij:2015zlq,
      author         = "Aaij, Roel and others",
      title          = "{Measurement of forward W and Z boson production in $pp$
                        collisions at $ \sqrt{s}=8 $ TeV}",
      collaboration  = "LHCb",
      journal        = "JHEP",
      volume         = "01",
      year           = "2016",
      pages          = "155",
      doi            = "10.1007/JHEP01(2016)155",
      eprint         = "1511.08039",
      archivePrefix  = "arXiv",
      primaryClass   = "hep-ex",
      reportNumber   = "LHCB-PAPER-2015-049, CERN-PH-EP-2015-301",
      SLACcitation   = "%%CITATION = ARXIV:1511.08039;%%"
}

@article{Aad:2015auj,
      author         = "Aad, Georges and others",
      title          = "{Measurement of the transverse momentum and $\phi
                        ^*_{\eta }$ distributions of Drell–Yan lepton pairs in
                        proton–proton collisions at $\sqrt{s}=8$  TeV with the
                        ATLAS detector}",
      collaboration  = "ATLAS",
      journal        = "Eur. Phys. J.",
      volume         = "C76",
      year           = "2016",
      number         = "5",
      pages          = "291",
      doi            = "10.1140/epjc/s10052-016-4070-4",
      eprint         = "1512.02192",
      archivePrefix  = "arXiv",
      primaryClass   = "hep-ex",
      reportNumber   = "CERN-PH-EP-2015-275",
      SLACcitation   = "%%CITATION = ARXIV:1512.02192;%%"
}

@article{Chatrchyan:2014gia,
      author         = "Chatrchyan, Serguei and others",
      title          = "{Measurement of the ratio of inclusive jet cross sections
                        using the anti-$k_T$ algorithm with radius parameters
                        R=0.5 and 0.7 in pp collisions at $\sqrt{s}=7$  TeV}",
      collaboration  = "CMS",
      journal        = "Phys. Rev.",
      volume         = "D90",
      year           = "2014",
      number         = "7",
      pages          = "072006",
      doi            = "10.1103/PhysRevD.90.072006",
      eprint         = "1406.0324",
      archivePrefix  = "arXiv",
      primaryClass   = "hep-ex",
      reportNumber   = "CMS-SMP-13-002, CERN-PH-EP-2014-068",
      SLACcitation   = "%%CITATION = ARXIV:1406.0324;%%"
}


@article{Aad:2014vwa,
      author         = "Aad, Georges and others",
      title          = "{Measurement of the inclusive jet cross-section in
                        proton-proton collisions at $ \sqrt{s}=7 $ TeV using 4.5
                        fb$^{−1}$ of data with the ATLAS detector}",
      collaboration  = "ATLAS",
      journal        = "JHEP",
      volume         = "02",
      year           = "2015",
      pages          = "153",
      doi            = "10.1007/JHEP02(2015)153, 10.1007/JHEP09(2015)141",
      note           = "[Erratum: JHEP09,141(2015)]",
      eprint         = "1410.8857",
      archivePrefix  = "arXiv",
      primaryClass   = "hep-ex",
      reportNumber   = "CERN-PH-EP-2014-155",
      SLACcitation   = "%%CITATION = ARXIV:1410.8857;%%"
}


@article{Aaboud:2017dvo,
      author         = "Aaboud, Morad and others",
      title          = "{Measurement of the inclusive jet cross-sections in
                        proton-proton collisions at $ \sqrt{s}=8 $ TeV with the
                        ATLAS detector}",
      collaboration  = "ATLAS",
      journal        = "JHEP",
      volume         = "09",
      year           = "2017",
      pages          = "020",
      doi            = "10.1007/JHEP09(2017)020",
      eprint         = "1706.03192",
      archivePrefix  = "arXiv",
      primaryClass   = "hep-ex",
      reportNumber   = "CERN-EP-2017-043",
      SLACcitation   = "%%CITATION = ARXIV:1706.03192;%%"
}


@article{Khachatryan:2016mlc,
      author         = "Khachatryan, Vardan and others",
      title          = "{Measurement and QCD analysis of double-differential
                        inclusive jet cross sections in pp collisions at $
                        \sqrt{s}=8 $ TeV and cross section ratios to 2.76 and 7
                        TeV}",
      collaboration  = "CMS",
      journal        = "JHEP",
      volume         = "03",
      year           = "2017",
      pages          = "156",
      doi            = "10.1007/JHEP03(2017)156",
      eprint         = "1609.05331",
      archivePrefix  = "arXiv",
      primaryClass   = "hep-ex",
      reportNumber   = "CMS-SMP-14-001, CERN-EP-2016-196",
      SLACcitation   = "%%CITATION = ARXIV:1609.05331;%%"
}


@article{Aad:2015mbv,
      author         = "Aad, Georges and others",
      title          = "{Measurements of top-quark pair differential
                        cross-sections in the lepton+jets channel in $pp$
                        collisions at $\sqrt{s}=8$ TeV using the ATLAS detector}",
      collaboration  = "ATLAS",
      journal        = "Eur. Phys. J.",
      volume         = "C76",
      year           = "2016",
      number         = "10",
      pages          = "538",
      doi            = "10.1140/epjc/s10052-016-4366-4",
      eprint         = "1511.04716",
      archivePrefix  = "arXiv",
      primaryClass   = "hep-ex",
      reportNumber   = "CERN-PH-EP-2015-239",
      SLACcitation   = "%%CITATION = ARXIV:1511.04716;%%"
}

@article{Sirunyan:2017azo,
      author         = "Sirunyan, Albert M and others",
      title          = "{Measurement of double-differential cross sections for
                        top quark pair production in pp collisions at $\sqrt{s} =
                        8$ $\,\text {TeV}$ and impact on parton distribution
                        functions}",
      collaboration  = "CMS",
      journal        = "Eur. Phys. J.",
      volume         = "C77",
      year           = "2017",
      number         = "7",
      pages          = "459",
      doi            = "10.1140/epjc/s10052-017-4984-5",
      eprint         = "1703.01630",
      archivePrefix  = "arXiv",
      primaryClass   = "hep-ex",
      reportNumber   = "CMS-TOP-14-013, CERN-EP-2017-030",
      SLACcitation   = "%%CITATION = ARXIV:1703.01630;%%"
}

@phdthesis{Mason:2006qa,
      author         = "Mason, David Alexander",
      school         = "Oregon U.",
      year           = "2006",
      url            = "http://lss.fnal.gov/archive/thesis/2000/fermilab-thesis-2006-01.pdf",
      doi            = "10.2172/879078",
      reportNumber   = "FERMILAB-THESIS-2006-01, UMI-32-11223",
      SLACcitation   = "%%CITATION = FERMILAB-THESIS-2006-01;%%"
}


@article{Goncharov:2001qe,
      author         = "Goncharov, M. and others",
      title          = "{Precise Measurement of Dimuon Production Cross-Sections
                        in $\nu_{\mu}$ Fe and $\bar{\nu}_{\mu}$ Fe Deep Inelastic
                        Scattering at the Tevatron.}",
      collaboration  = "NuTeV",
      journal        = "Phys. Rev.",
      volume         = "D64",
      year           = "2001",
      pages          = "112006",
      doi            = "10.1103/PhysRevD.64.112006",
      eprint         = "hep-ex/0102049",
      archivePrefix  = "arXiv",
      primaryClass   = "hep-ex",
      reportNumber   = "FERMILAB-PUB-01-034-E",
      SLACcitation   = "%%CITATION = HEP-EX/0102049;%%"
}

@article{Seligman:1997mc,
      author         = "Seligman, W. G. and others",
      title          = "{Improved determination of alpha(s) from neutrino nucleon
                        scattering}",
      journal        = "Phys. Rev. Lett.",
      volume         = "79",
      year           = "1997",
      pages          = "1213-1216",
      doi            = "10.1103/PhysRevLett.79.1213",
      eprint         = "hep-ex/9701017",
      archivePrefix  = "arXiv",
      primaryClass   = "hep-ex",
      reportNumber   = "NEVIS-REPORT-292",
      SLACcitation   = "%%CITATION = HEP-EX/9701017;%%"
}

@article{Abe:1996us,
      author         = "Abe, F. and others",
      title          = "{Forward-backward charge asymmetry of electron pairs
                        above the $Z^0$ pole}",
      collaboration  = "CDF",
      journal        = "Phys. Rev. Lett.",
      volume         = "77",
      year           = "1996",
      pages          = "2616-2621",
      doi            = "10.1103/PhysRevLett.77.2616",
      reportNumber   = "FERMILAB-PUB-96-071-E, CDF-PUB-ELECTROWEAK-CDFR-3493",
      SLACcitation   = "%%CITATION = PRLTA,77,2616;%%"
}


@article{Acosta:2005ud,
      author         = "Acosta, D. and others",
      title          = "{Measurement of the forward-backward charge asymmetry
                        from $W \to e \nu$ production in $p\bar{p}$ collisions at
                        $\sqrt{s} = 1.96$ TeV}",
      collaboration  = "CDF",
      journal        = "Phys. Rev.",
      volume         = "D71",
      year           = "2005",
      pages          = "051104",
      doi            = "10.1103/PhysRevD.71.051104",
      eprint         = "hep-ex/0501023",
      archivePrefix  = "arXiv",
      primaryClass   = "hep-ex",
      reportNumber   = "FERMILAB-PUB-05-005-E",
      SLACcitation   = "%%CITATION = HEP-EX/0501023;%%"
}

@article{Aktas:2004az,
      author         = "Aktas, A. and others",
      title          = "{Measurement of F2($c \bar{c}$) and F2($b \bar{b}$) at
                        high $Q^{2}$ using the H1 vertex detector at HERA}",
      collaboration  = "H1",
      journal        = "Eur. Phys. J.",
      volume         = "C40",
      year           = "2005",
      pages          = "349-359",
      doi            = "10.1140/epjc/s2005-02154-8",
      eprint         = "hep-ex/0411046",
      archivePrefix  = "arXiv",
      primaryClass   = "hep-ex",
      reportNumber   = "DESY-04-209",
      SLACcitation   = "%%CITATION = HEP-EX/0411046;%%"
}


@article{Towell:2001nh,
      author         = "Towell, R. S. and others",
      title          = "{Improved measurement of the anti-d / anti-u asymmetry in
                        the nucleon sea}",
      collaboration  = "NuSea",
      journal        = "Phys. Rev.",
      volume         = "D64",
      year           = "2001",
      pages          = "052002",
      doi            = "10.1103/PhysRevD.64.052002",
      eprint         = "hep-ex/0103030",
      archivePrefix  = "arXiv",
      primaryClass   = "hep-ex",
      reportNumber   = "FERMILAB-PUB-01-487-E",
      SLACcitation   = "%%CITATION = HEP-EX/0103030;%%"
}


@article{Abazov:2007pm,
      author         = "Abazov, V. M. and others",
      title          = "{Measurement of the muon charge asymmetry from $W$ boson
                        decays}",
      collaboration  = "D0",
      journal        = "Phys. Rev.",
      volume         = "D77",
      year           = "2008",
      pages          = "011106",
      doi            = "10.1103/PhysRevD.77.011106",
      eprint         = "0709.4254",
      archivePrefix  = "arXiv",
      primaryClass   = "hep-ex",
      reportNumber   = "FERMILAB-PUB-07-493-E",
      SLACcitation   = "%%CITATION = ARXIV:0709.4254;%%"
}

@article{Abazov:2006gs,
      author         = "Abazov, V. M. and others",
      title          = "{Measurement of the ratios of the Z/gamma* + >= n jet
                        production cross sections to the total inclusive Z/gamma*
                        cross section in p anti-p collisions at s**(1/2) =
                        1.96-TeV}",
      collaboration  = "D0",
      journal        = "Phys. Lett.",
      volume         = "B658",
      year           = "2008",
      pages          = "112-119",
      doi            = "10.1016/j.physletb.2007.10.046",
      eprint         = "hep-ex/0608052",
      archivePrefix  = "arXiv",
      primaryClass   = "hep-ex",
      reportNumber   = "FERMILAB-PUB-06-283-E",
      SLACcitation   = "%%CITATION = HEP-EX/0608052;%%"
}


@article{Aaltonen:2010zza,
      author         = "Aaltonen, Timo Antero and others",
      title          = "{Measurement of $d\sigma/dy$ of Drell-Yan $e^+e^-$ pairs
                        in the $Z$ Mass Region from $p\bar{p}$ Collisions at
                        $\sqrt{s}=1.96$ TeV}",
      collaboration  = "CDF",
      journal        = "Phys. Lett.",
      volume         = "B692",
      year           = "2010",
      pages          = "232-239",
      doi            = "10.1016/j.physletb.2010.06.043",
      eprint         = "0908.3914",
      archivePrefix  = "arXiv",
      primaryClass   = "hep-ex",
      reportNumber   = "FERMILAB-PUB-10-057-E",
      SLACcitation   = "%%CITATION = ARXIV:0908.3914;%%"
}


@article{Chatrchyan:2013mza,
      author         = "Chatrchyan, Serguei and others",
      title          = "{Measurement of the muon charge asymmetry in inclusive
                        $pp \to W+X$ production at $\sqrt s =$ 7 TeV and an
                        improved determination of light parton distribution
                        functions}",
      collaboration  = "CMS",
      journal        = "Phys. Rev.",
      volume         = "D90",
      year           = "2014",
      number         = "3",
      pages          = "032004",
      doi            = "10.1103/PhysRevD.90.032004",
      eprint         = "1312.6283",
      archivePrefix  = "arXiv",
      primaryClass   = "hep-ex",
      reportNumber   = "CMS-SMP-12-021, CERN-PH-EP-2013-232",
      SLACcitation   = "%%CITATION = ARXIV:1312.6283;%%"
}


@article{Chatrchyan:2012xt,
      author         = "Chatrchyan, Serguei and others",
      title          = "{Measurement of the electron charge asymmetry in
                        inclusive $W$ production in $pp$ collisions at
                        $\sqrt{s}=7$ TeV}",
      collaboration  = "CMS",
      journal        = "Phys. Rev. Lett.",
      volume         = "109",
      year           = "2012",
      pages          = "111806",
      doi            = "10.1103/PhysRevLett.109.111806",
      eprint         = "1206.2598",
      archivePrefix  = "arXiv",
      primaryClass   = "hep-ex",
      reportNumber   = "CMS-SMP-12-001, CERN-PH-EP-2012-151",
      SLACcitation   = "%%CITATION = ARXIV:1206.2598;%%"
}

@article{D0:2014kma,
      author         = "Abazov, Victor Mukhamedovich and others",
      title          = "{Measurement of the electron charge asymmetry in
                        $\boldsymbol{p\bar{p}\rightarrow W+X \rightarrow e\nu +X}$
                        decays in $\boldsymbol{p\bar{p}}$ collisions at
                        $\boldsymbol{\sqrt{s}=1.96}$ TeV}",
      collaboration  = "D0",
      journal        = "Phys. Rev.",
      volume         = "D91",
      year           = "2015",
      number         = "3",
      pages          = "032007",
      doi            = "10.1103/PhysRevD.91.032007, 10.1103/PhysRevD.91.079901",
      note           = "[Erratum: Phys. Rev.D91,no.7,079901(2015)]",
      eprint         = "1412.2862",
      archivePrefix  = "arXiv",
      primaryClass   = "hep-ex",
      reportNumber   = "FERMILAB-PUB-14-514-E",
      SLACcitation   = "%%CITATION = ARXIV:1412.2862;%%"
}

@article{Aaltonen:2008eq,
      author         = "Aaltonen, T. and others",
      title          = "{Measurement of the Inclusive Jet Cross Section at the
                        Fermilab Tevatron p anti-p Collider Using a Cone-Based Jet
                        Algorithm}",
      collaboration  = "CDF",
      journal        = "Phys. Rev.",
      volume         = "D78",
      year           = "2008",
      pages          = "052006",
      doi            = "10.1103/PhysRevD.79.119902, 10.1103/PhysRevD.78.052006",
      note           = "[Erratum: Phys. Rev.D79,119902(2009)]",
      eprint         = "0807.2204",
      archivePrefix  = "arXiv",
      primaryClass   = "hep-ex",
      reportNumber   = "FERMILAB-PUB-08-243-E",
      SLACcitation   = "%%CITATION = ARXIV:0807.2204;%%"
}


@article{Abazov:2008ae,
      author         = "Abazov, V. M. and others",
      title          = "{Measurement of the inclusive jet cross-section in $p
                        \bar{p}$ collisions at $s^{(1/2)}$ =1.96-TeV}",
      collaboration  = "D0",
      journal        = "Phys. Rev. Lett.",
      volume         = "101",
      year           = "2008",
      pages          = "062001",
      doi            = "10.1103/PhysRevLett.101.062001",
      eprint         = "0802.2400",
      archivePrefix  = "arXiv",
      primaryClass   = "hep-ex",
      reportNumber   = "FERMILAB-PUB-08-034-E",
      SLACcitation   = "%%CITATION = ARXIV:0802.2400;%%"
}


@article{Abramowicz:2015mha,
      author         = "Abramowicz, H. and others",
      title          = "{Combination of measurements of inclusive deep inelastic
                        ${e^{\pm }p}$ scattering cross sections and QCD analysis
                        of HERA data}",
      collaboration  = "H1, ZEUS",
      journal        = "Eur. Phys. J.",
      volume         = "C75",
      year           = "2015",
      number         = "12",
      pages          = "580",
      doi            = "10.1140/epjc/s10052-015-3710-4",
      eprint         = "1506.06042",
      archivePrefix  = "arXiv",
      primaryClass   = "hep-ex",
      reportNumber   = "DESY-15-039",
      SLACcitation   = "%%CITATION = ARXIV:1506.06042;%%"
}

%European Muon Collaboration (EMC)
@article{Aubert:1982km,
      author         = "Aubert, J. J. and others",
      title          = "{Production of charmonium in 250-GeV $\mu^+$ - iron
                        interactions}",
      collaboration  = "European Muon",
      journal        = "Nucl. Phys.",
      volume         = "B213",
      year           = "1983",
      pages          = "1-30",
      doi            = "10.1016/0550-3213(83)90173-6",
      reportNumber   = "CERN-EP-82-152",
      SLACcitation   = "%%CITATION = NUPHA,B213,1;%%"
}
% NMC New Muon Coll.
@article{Arneodo:1996qe,
      author         = "Arneodo, M. and others",
      title          = "{Measurement of the proton and deuteron structure
                        functions, F2(p) and F2(d), and of the ratio sigma-L /
                        sigma-T}",
      collaboration  = "New Muon",
      journal        = "Nucl. Phys.",
      volume         = "B483",
      year           = "1997",
      pages          = "3-43",
      doi            = "10.1016/S0550-3213(96)00538-X",
      eprint         = "hep-ph/9610231",
      archivePrefix  = "arXiv",
      primaryClass   = "hep-ph",
      SLACcitation   = "%%CITATION = HEP-PH/9610231;%%"
}

% IC CT10nnlo
@article{Dulat:2013hea,
      author         = "Dulat, Sayipjamal and Hou, Tie-Jiun and Gao, Jun and
                        Huston, Joey and Pumplin, Jon and Schmidt, Carl and Stump,
                        Daniel and Yuan, C. -P.",
      title          = "{Intrinsic Charm Parton Distribution Functions from
                        CTEQ-TEA Global Analysis}",
      journal        = "Phys. Rev.",
      volume         = "D89",
      year           = "2014",
      number         = "7",
      pages          = "073004",
      doi            = "10.1103/PhysRevD.89.073004",
      eprint         = "1309.0025",
      archivePrefix  = "arXiv",
      primaryClass   = "hep-ph",
      SLACcitation   = "%%CITATION = ARXIV:1309.0025;%%"
}

%HOPPET
@article{Salam:2008qg,
      author         = "Salam, Gavin P. and Rojo, Juan",
      title          = "{A Higher Order Perturbative Parton Evolution Toolkit
                        (HOPPET)}",
      journal        = "Comput. Phys. Commun.",
      volume         = "180",
      year           = "2009",
      pages          = "120-156",
      doi            = "10.1016/j.cpc.2008.08.010",
      eprint         = "0804.3755",
      archivePrefix  = "arXiv",
      primaryClass   = "hep-ph",
      SLACcitation   = "%%CITATION = ARXIV:0804.3755;%%"
}

%S-ACOT-chi NNLO
@article{Guzzi:2011ew,
      author         = "Guzzi, Marco and Nadolsky, Pavel M. and Lai, Hung-Liang
                        and Yuan, C. -P.",
      title          = "{General-Mass Treatment for Deep Inelastic Scattering at
                        Two-Loop Accuracy}",
      journal        = "Phys. Rev.",
      volume         = "D86",
      year           = "2012",
      pages          = "053005",
      doi            = "10.1103/PhysRevD.86.053005",
      eprint         = "1108.5112",
      archivePrefix  = "arXiv",
      primaryClass   = "hep-ph",
      reportNumber   = "SMU-HEP-11-21",
      SLACcitation   = "%%CITATION = ARXIV:1108.5112;%%"
}
%ACOT 2
@article{Aivazis:1993pi,
      author         = "Aivazis, M. A. G. and Collins, John C. and Olness,
                        Fredrick I. and Tung, Wu-Ki",
      title          = "{Leptoproduction of heavy quarks. 2. A Unified QCD
                        formulation of charged and neutral current processes from
                        fixed target to collider energies}",
      journal        = "Phys. Rev.",
      volume         = "D50",
      year           = "1994",
      pages          = "3102-3118",
      doi            = "10.1103/PhysRevD.50.3102",
      eprint         = "hep-ph/9312319",
      archivePrefix  = "arXiv",
      primaryClass   = "hep-ph",
      reportNumber   = "SMU-HEP-93-17, MSUHEP-93-17, PSU-TH-138",
      SLACcitation   = "%%CITATION = HEP-PH/9312319;%%"
}

%Acot 1
@article{Aivazis:1993kh,
      author         = "Aivazis, M. A. G. and Olness, Frederick I. and Tung,
                        Wu-Ki",
      title          = "{Leptoproduction of heavy quarks. 1. General formalism
                        and kinematics of charged current and neutral current
                        production processes}",
      journal        = "Phys. Rev.",
      volume         = "D50",
      year           = "1994",
      pages          = "3085-3101",
      doi            = "10.1103/PhysRevD.50.3085",
      eprint         = "hep-ph/9312318",
      archivePrefix  = "arXiv",
      primaryClass   = "hep-ph",
      reportNumber   = "MSUHEP-93-15, SMU-HEP-93-16",
      SLACcitation   = "%%CITATION = HEP-PH/9312318;%%"
}

%Tung Kretzer-Schmidt
@article{Tung:2001mv,
      author         = "Tung, Wu-Ki and Kretzer, Stefan and Schmidt, Carl",
      title          = "{Open heavy flavor production in QCD: Conceptual
                        framework and implementation issues}",
      journal        = "J. Phys.",
      volume         = "G28",
      year           = "2002",
      pages          = "983-996",
      doi            = "10.1088/0954-3899/28/5/321",
      eprint         = "hep-ph/0110247",
      archivePrefix  = "arXiv",
      primaryClass   = "hep-ph",
      SLACcitation   = "%%CITATION = HEP-PH/0110247;%%"
}

%SACOT - Kramer Olness Soper
@article{Kramer:2000hn,
      author         = "Kramer, 1, Michael and Olness, Fredrick I. and Soper,
                        Davison E.",
      title          = "{Treatment of heavy quarks in deeply inelastic
                        scattering}",
      journal        = "Phys. Rev.",
      volume         = "D62",
      year           = "2000",
      pages          = "096007",
      doi            = "10.1103/PhysRevD.62.096007",
      eprint         = "hep-ph/0003035",
      archivePrefix  = "arXiv",
      primaryClass   = "hep-ph",
      reportNumber   = "EDINBURGH-2000-02",
      SLACcitation   = "%%CITATION = HEP-PH/0003035;%%"
}

%CT14
@article{Dulat:2015mca,
      author         = "Dulat, Sayipjamal and Hou, Tie-Jiun and Gao, Jun and
                        Guzzi, Marco and Huston, Joey and Nadolsky, Pavel and
                        Pumplin, Jon and Schmidt, Carl and Stump, Daniel and Yuan,
                        C.-P.",
      title          = "{New parton distribution functions from a global analysis
                        of quantum chromodynamics}",
      journal        = "Phys. Rev.",
      volume         = "D93",
      year           = "2016",
      number         = "3",
      pages          = "033006",
      doi            = "10.1103/PhysRevD.93.033006",
      eprint         = "1506.07443",
      archivePrefix  = "arXiv",
      primaryClass   = "hep-ph",
      SLACcitation   = "%%CITATION = ARXIV:1506.07443;%%"
}

%CT14HERA2
@article{Hou:2016nqm,
      author         = "Hou, Tie-Jiun and Dulat, Sayipjamal and Gao, Jun and
                        Guzzi, Marco and Huston, Joey and Nadolsky, Pavel and
                        Pumplin, Jon and Schmidt, Carl and Stump, Daniel and Yuan,
                        C. -P.",
      title          = "{CTEQ-TEA parton distribution functions and HERA Run I
                        and II combined data}",
      journal        = "Phys. Rev.",
      volume         = "D95",
      year           = "2017",
      number         = "3",
      pages          = "034003",
      doi            = "10.1103/PhysRevD.95.034003",
      eprint         = "1609.07968",
      archivePrefix  = "arXiv",
      primaryClass   = "hep-ph",
      SLACcitation   = "%%CITATION = ARXIV:1609.07968;%%"
}

%CT10NNLO 
@article{Gao:2013xoa,
      author         = "Gao, Jun and Guzzi, Marco and Huston, Joey and Lai,
                        Hung-Liang and Li, Zhao and Nadolsky, Pavel and Pumplin,
                        Jon and Stump, Daniel and Yuan, C. -P.",
      title          = "{CT10 next-to-next-to-leading order global analysis of
                        QCD}",
      journal        = "Phys. Rev.",
      volume         = "D89",
      year           = "2014",
      number         = "3",
      pages          = "033009",
      doi            = "10.1103/PhysRevD.89.033009",
      eprint         = "1302.6246",
      archivePrefix  = "arXiv",
      primaryClass   = "hep-ph",
      reportNumber   = "SMU-HEP-12-23",
      SLACcitation   = "%%CITATION = ARXIV:1302.6246;%%"
}
% CT10
@article{Lai:2010vv,
      author         = "Lai, Hung-Liang and Guzzi, Marco and Huston, Joey and Li,
                        Zhao and Nadolsky, Pavel M. and Pumplin, Jon and Yuan, C.
                        -P.",
      title          = "{New parton distributions for collider physics}",
      journal        = "Phys. Rev.",
      volume         = "D82",
      year           = "2010",
      pages          = "074024",
      doi            = "10.1103/PhysRevD.82.074024",
      eprint         = "1007.2241",
      archivePrefix  = "arXiv",
      primaryClass   = "hep-ph",
      reportNumber   = "MSUHEP-100707, SMU-HEP-10-10",
      SLACcitation   = "%%CITATION = ARXIV:1007.2241;%%"
}

%CTEQ6.6 implications on collider observables 
@article{Nadolsky:2008zw,
      author         = "Nadolsky, Pavel M. and Lai, Hung-Liang and Cao, Qing-Hong
                        and Huston, Joey and Pumplin, Jon and Stump, Daniel and
                        Tung, Wu-Ki and Yuan, C. -P.",
      title          = "{Implications of CTEQ global analysis for collider
                        observables}",
      journal        = "Phys. Rev.",
      volume         = "D78",
      year           = "2008",
      pages          = "013004",
      doi            = "10.1103/PhysRevD.78.013004",
      eprint         = "0802.0007",
      archivePrefix  = "arXiv",
      primaryClass   = "hep-ph",
      reportNumber   = "MSUHEP-080125, UCRHEP-T447",
      SLACcitation   = "%%CITATION = ARXIV:0802.0007;%%"
}

%CTEQ6.5
@article{Tung:2006tb,
      author         = "Tung, W.-K. and Lai, H.-L. and Belyaev, A. and Pumplin,
                        J. and Stump, D. and Yuan, C. -P.",
      title          = "{Heavy Quark Mass Effects in Deep Inelastic Scattering
                        and Global QCD Analysis}",
      journal        = "JHEP",
      volume         = "02",
      year           = "2007",
      pages          = "053",
      doi            = "10.1088/1126-6708/2007/02/053",
      eprint         = "hep-ph/0611254",
      archivePrefix  = "arXiv",
      primaryClass   = "hep-ph",
      reportNumber   = "MSU-HEP-0605",
      SLACcitation   = "%%CITATION = HEP-PH/0611254;%%"
}


@Misc{Webb:2003ps,
      author         = "Webb, J. C. and others",
      collaboration  = "NuSea",
      year           = "2003",
      eprint         = "hep-ex/0302019",
      archivePrefix  = "arXiv",
      primaryClass   = "hep-ex",
      reportNumber   = "FERMILAB-PUB-03-302-E",
      SLACcitation   = "%%CITATION = HEP-EX/0302019;%%"
}

%BCDMS F2p F2d
@article{Benvenuti:1989fm,
      author         = "Benvenuti, A. C. and others",
      title          = "{A High Statistics Measurement of the Deuteron Structure
                        Functions F2 (X, $Q^2$) and R From Deep Inelastic Muon
                        Scattering at High $Q^2$}",
      collaboration  = "BCDMS",
      journal        = "Phys. Lett.",
      volume         = "B237",
      year           = "1990",
      pages          = "592-598",
      doi            = "10.1016/0370-2693(90)91231-Y",
      reportNumber   = "CERN-EP-89-170, JINR-E1-90-284",
      SLACcitation   = "%%CITATION = PHLTA,B237,592;%%"
}
%BCDMS F2p F2d
@article{Benvenuti:1989rh,
      author         = "Benvenuti, A. C. and others",
      title          = "{A High Statistics Measurement of the Proton Structure
                        Functions F(2) (x, Q**2) and R from Deep Inelastic Muon
                        Scattering at High Q**2}",
      collaboration  = "BCDMS",
      journal        = "Phys. Lett.",
      volume         = "B223",
      year           = "1989",
      pages          = "485-489",
      doi            = "10.1016/0370-2693(89)91637-7",
      reportNumber   = "CERN-EP-89-06, JINR-E1-89-540",
      SLACcitation   = "%%CITATION = PHLTA,B223,485;%%"
}

%ATLAS WZ 7 TeV
@article{Aad:2011dm,
      author         = "Aad, Georges and others",
      title          = "{Measurement of the inclusive $W^\pm$ and Z/gamma cross
                        sections in the electron and muon decay channels in $pp$
                        collisions at $\sqrt{s}=7$ TeV with the ATLAS detector}",
      collaboration  = "ATLAS",
      journal        = "Phys. Rev.",
      volume         = "D85",
      year           = "2012",
      pages          = "072004",
      doi            = "10.1103/PhysRevD.85.072004",
      eprint         = "1109.5141",
      archivePrefix  = "arXiv",
      primaryClass   = "hep-ex",
      reportNumber   = "CERN-PH-EP-2011-143",
      SLACcitation   = "%%CITATION = ARXIV:1109.5141;%%"
}

%ATL8DY high-mass sample
@article{Aad:2016zzw,
      author         = "Aad, Georges and others",
      title          = "{Measurement of the double-differential high-mass
                        Drell-Yan cross section in pp collisions at $ \sqrt{s}=8 $
                        TeV with the ATLAS detector}",
      collaboration  = "ATLAS",
      journal        = "JHEP",
      volume         = "08",
      year           = "2016",
      pages          = "009",
      doi            = "10.1007/JHEP08(2016)009",
      eprint         = "1606.01736",
      archivePrefix  = "arXiv",
      primaryClass   = "hep-ex",
      reportNumber   = "CERN-EP-2016-079",
      SLACcitation   = "%%CITATION = ARXIV:1606.01736;%%"
}

%E605 DY fixed target
@article{Moreno:1990sf,
      author         = "Moreno, G. and others",
      title          = "{Dimuon production in proton - copper collisions at
                        $\sqrt{s}$ = 38.8-GeV}",
      journal        = "Phys. Rev.",
      volume         = "D43",
      year           = "1991",
      pages          = "2815-2836",
      doi            = "10.1103/PhysRevD.43.2815",
      reportNumber   = "FERMILAB-PUB-90-223-E",
      SLACcitation   = "%%CITATION = PHRVA,D43,2815;%%"
}

%CC DIS CCFR
@article{Yang:2000ju,
      author         = "Yang, Un-Ki and others",
      title          = "{Measurements of $F_2$ and $xF^{\nu}_3 - x
                        F^{\bar{\nu}}_3$ from CCFR $\nu_\mu-$Fe and
                        $\bar{\nu}_\mu-$Fe data in a physics model independent
                        way}",
      collaboration  = "CCFR/NuTeV",
      journal        = "Phys. Rev. Lett.",
      volume         = "86",
      year           = "2001",
      pages          = "2742-2745",
      doi            = "10.1103/PhysRevLett.86.2742",
      eprint         = "hep-ex/0009041",
      archivePrefix  = "arXiv",
      primaryClass   = "hep-ex",
      reportNumber   = "FERMILAB-PUB-00-383-E, UR-1586",
      SLACcitation   = "%%CITATION = HEP-EX/0009041;%%"
}

% Combined HERA charm production
@article{Abramowicz:1900rp,
      author         = "Abramowicz, H. and others",
      title          = "{Combination and QCD Analysis of Charm Production Cross
                        Section Measurements in Deep-Inelastic ep Scattering at
                        HERA}",
      collaboration  = "ZEUS, H1",
      journal        = "Eur. Phys. J.",
      volume         = "C73",
      year           = "2013",
      number         = "2",
      pages          = "2311",
      doi            = "10.1140/epjc/s10052-013-2311-3",
      eprint         = "1211.1182",
      archivePrefix  = "arXiv",
      primaryClass   = "hep-ex",
      reportNumber   = "DESY-12-172",
      SLACcitation   = "%%CITATION = ARXIV:1211.1182;%%"
}

%CDHSW
@article{Berge:1989hr,
      author         = "Berge, J. P. and others",
      title          = "{A Measurement of Differential Cross-Sections and Nucleon
                        Structure Functions in Charged Current Neutrino
                        Interactions on Iron}",
      journal        = "Z. Phys.",
      volume         = "C49",
      year           = "1991",
      pages          = "187-224",
      doi            = "10.1007/BF01555493",
      reportNumber   = "CERN-EP-89-103",
      SLACcitation   = "%%CITATION = ZEPYA,C49,187;%%"
}

%BHPS model
@article{Brodsky:1980pb,
      author         = "Brodsky, S. J. and Hoyer, P. and Peterson, C. and Sakai,
                        N.",
      title          = "{The Intrinsic Charm of the Proton}",
      journal        = "Phys. Lett.",
      volume         = "B93",
      year           = "1980",
      pages          = "451-455",
      doi            = "10.1016/0370-2693(80)90364-0",
      reportNumber   = "NORDITA-80-18",
      SLACcitation   = "%%CITATION = PHLTA,B93,451;%%"
}

%BHPS model
@article{Brodsky:1981se,
      author         = "Brodsky, Stanley J. and Peterson, C. and Sakai, N.",
      title          = "{Intrinsic Heavy Quark States}",
      journal        = "Phys. Rev.",
      volume         = "D23",
      year           = "1981",
      pages          = "2745",
      doi            = "10.1103/PhysRevD.23.2745",
      reportNumber   = "SLAC-PUB-2660",
      SLACcitation   = "%%CITATION = PHRVA,D23,2745;%%"
}

@article{Brodsky:2015fna,
      author         = "Brodsky, S. J. and Kusina, A. and Lyonnet, F. and
                        Schienbein, I. and Spiesberger, H. and Vogt, R.",
      title          = "{A review of the intrinsic heavy quark content of the
                        nucleon}",
      journal        = "Adv. High Energy Phys.",
      volume         = "2015",
      year           = "2015",
      pages          = "231547",
      doi            = "10.1155/2015/231547",
      eprint         = "1504.06287",
      archivePrefix  = "arXiv",
      primaryClass   = "hep-ph",
      reportNumber   = "MITP-15-027, LPSC-15-082, SLAC-PUB-16258",
      SLACcitation   = "%%CITATION = ARXIV:1504.06287;%%"
}

%IC BHPS with proton mass effects
@article{Blumlein:2015qcn,
      author         = "Blümlein, Johannes",
      title          = "{A Kinematic Condition on Intrinsic Charm}",
      journal        = "Phys. Lett.",
      volume         = "B753",
      year           = "2016",
      pages          = "619-621",
      doi            = "10.1016/j.physletb.2015.12.068",
      eprint         = "1511.00229",
      archivePrefix  = "arXiv",
      primaryClass   = "hep-ph",
      reportNumber   = "DESY-15-198, DO-TH-15-15",
      SLACcitation   = "%%CITATION = ARXIV:1511.00229;%%"
}

% NNPDF IC study
@article{Ball:2016neh,
      author         = "Ball, Richard D. and Bertone, Valerio and Bonvini, Marco
                        and Carrazza, Stefano and Forte, Stefano and Guffanti,
                        Alberto and Hartland, Nathan P. and Rojo, Juan and
                        Rottoli, Luca",
      title          = "{A Determination of the Charm Content of the Proton}",
      collaboration  = "NNPDF",
      journal        = "Eur. Phys. J.",
      volume         = "C76",
      year           = "2016",
      number         = "11",
      pages          = "647",
      doi            = "10.1140/epjc/s10052-016-4469-y",
      eprint         = "1605.06515",
      archivePrefix  = "arXiv",
      primaryClass   = "hep-ph",
      reportNumber   = "EDINBURGH-2016-06, CERN-TH-2016-087, OUTP-16-03P,
                        TIF-UNIMI-2016-3",
      SLACcitation   = "%%CITATION = ARXIV:1605.06515;%%"
}

%CT10NNLO charm study
@article{Gao:2013wwa,
      author         = "Gao, Jun and Guzzi, Marco and Nadolsky, Pavel M.",
      title          = "{Charm quark mass dependence in a global QCD analysis}",
      journal        = "Eur. Phys. J.",
      volume         = "C73",
      year           = "2013",
      number         = "8",
      pages          = "2541",
      doi            = "10.1140/epjc/s10052-013-2541-4",
      eprint         = "1304.3494",
      archivePrefix  = "arXiv",
      primaryClass   = "hep-ph",
      reportNumber   = "SMU-HEP-13-09",
      SLACcitation   = "%%CITATION = ARXIV:1304.3494;%%"
}

%MVV splitting NNLO NON-Singlet
@article{Moch:2004pa,
      author         = "Moch, S. and Vermaseren, J. A. M. and Vogt, A.",
      title          = "{The Three loop splitting functions in QCD: The
                        Nonsinglet case}",
      journal        = "Nucl. Phys.",
      volume         = "B688",
      year           = "2004",
      pages          = "101-134",
      doi            = "10.1016/j.nuclphysb.2004.03.030",
      eprint         = "hep-ph/0403192",
      archivePrefix  = "arXiv",
      primaryClass   = "hep-ph",
      reportNumber   = "DESY-04-047, SFB-CPP-04-09, NIKHEF-04-001",
      SLACcitation   = "%%CITATION = HEP-PH/0403192;%%"
}
%MVV splitting NNLO Singlet
@article{Vogt:2004mw,
      author         = "Vogt, A. and Moch, S. and Vermaseren, J. A. M.",
      title          = "{The Three-loop splitting functions in QCD: The Singlet
                        case}",
      journal        = "Nucl. Phys.",
      volume         = "B691",
      year           = "2004",
      pages          = "129-181",
      doi            = "10.1016/j.nuclphysb.2004.04.024",
      eprint         = "hep-ph/0404111",
      archivePrefix  = "arXiv",
      primaryClass   = "hep-ph",
      reportNumber   = "NIKHEF-04-004, DESY-04-060, SFB-CPP-04-12",
      SLACcitation   = "%%CITATION = HEP-PH/0404111;%%"
}

@article{Ablinger:2014nga,
      author         = "Ablinger, J. and Behring, A. and Blümlein, J. and De
                        Freitas, A. and von Manteuffel, A. and Schneider, C.",
      title          = "{The 3-loop pure singlet heavy flavor contributions to
                        the structure function $F_2(x,Q^2)$ and the anomalous
                        dimension}",
      journal        = "Nucl. Phys.",
      volume         = "B890",
      year           = "2014",
      pages          = "48-151",
      doi            = "10.1016/j.nuclphysb.2014.10.008",
      eprint         = "1409.1135",
      archivePrefix  = "arXiv",
      primaryClass   = "hep-ph",
      reportNumber   = "DESY-13-232, DO-TH-13-32, SFB-CPP-14-63, MITP-14-057,
                        LPN-14-103",
      SLACcitation   = "%%CITATION = ARXIV:1409.1135;%%"
}

@article{Ablinger:2017tan,
      author         = "Ablinger, J. and Behring, A. and Blümlein, J. and De
                        Freitas, A. and von Manteuffel, A. and Schneider, C.",
      title          = "{The three-loop splitting functions $P_{qg}^{(2)}$ and
                        $P_{gg}^{(2, N_F)}$}",
      journal        = "Nucl. Phys.",
      volume         = "B922",
      year           = "2017",
      pages          = "1-40",
      doi            = "10.1016/j.nuclphysb.2017.06.004",
      eprint         = "1705.01508",
      archivePrefix  = "arXiv",
      primaryClass   = "hep-ph",
      reportNumber   = "DESY-17-062, DO-TH-17-05, MSUHEP-17-004, MITP-17-033,
                        TTK-17-13, DESY-17--062, DO--TH-17-05",
      SLACcitation   = "%%CITATION = ARXIV:1705.01508;%%"
}

%DIS alphas
@article{SanchezGuillen:1990iq,
      author         = "Sanchez Guillen, J. and Miramontes, J. and Miramontes, M.
                        and Parente, G. and Sampayo, O. A.",
      title          = "{Next-to-leading order analysis of the deep inelastic R =
                        sigma-L / sigma-total}",
      journal        = "Nucl. Phys.",
      volume         = "B353",
      year           = "1991",
      pages          = "337-345",
      doi            = "10.1016/0550-3213(91)90340-4",
      reportNumber   = "MAD-PH-576, US-FT-10-90",
      SLACcitation   = "%%CITATION = NUPHA,B353,337;%%"
}
%DIS alphas^2
@article{vanNeerven:1991nn,
      author         = "van Neerven, W. L. and Zijlstra, E. B.",
      title          = "{Order alpha-s**2 contributions to the deep inelastic
                        Wilson coefficient}",
      journal        = "Phys. Lett.",
      volume         = "B272",
      year           = "1991",
      pages          = "127-133",
      doi            = "10.1016/0370-2693(91)91024-P",
      reportNumber   = "INLO-PUB-3-91",
      SLACcitation   = "%%CITATION = PHLTA,B272,127;%%"
}
%DIS alphas^2
@article{Zijlstra:1991qc,
      author         = "Zijlstra, E. B. and van Neerven, W. L.",
      title          = "{Contribution of the second order gluonic Wilson
                        coefficient to the deep inelastic structure function}",
      journal        = "Phys. Lett.",
      volume         = "B273",
      year           = "1991",
      pages          = "476-482",
      doi            = "10.1016/0370-2693(91)90301-6",
      reportNumber   = "INLO-PUB-6-91",
      SLACcitation   = "%%CITATION = PHLTA,B273,476;%%"
}
%F2 nnlo
@article{Zijlstra:1992qd,
      author         = "Zijlstra, E. B. and van Neerven, W. L.",
      title          = "{Order alpha-s**2 QCD corrections to the deep inelastic
                        proton structure functions F2 and F(L)}",
      journal        = "Nucl. Phys.",
      volume         = "B383",
      year           = "1992",
      pages          = "525-574",
      doi            = "10.1016/0550-3213(92)90087-R",
      reportNumber   = "INLO-PUB-1-92",
      SLACcitation   = "%%CITATION = NUPHA,B383,525;%%"
}
%F2 heavy-flavour O(alphas)
@article{Laenen:1992zk,
      author         = "Laenen, Eric and Riemersma, S. and Smith, J. and van
                        Neerven, W. L.",
      title          = "{Complete O (alpha-s) corrections to heavy flavor
                        structure functions in electroproduction}",
      journal        = "Nucl. Phys.",
      volume         = "B392",
      year           = "1993",
      pages          = "162-228",
      doi            = "10.1016/0550-3213(93)90201-Y",
      reportNumber   = "ITP-SB-92-09",
      SLACcitation   = "%%CITATION = NUPHA,B392,162;%%"
}
%Charm prod at HERA
@article{Riemersma:1994hv,
      author         = "Riemersma, S. and Smith, J. and van Neerven, W. L.",
      title          = "{Rates for inclusive deep inelastic electroproduction of
                        charm quarks at HERA}",
      journal        = "Phys. Lett.",
      volume         = "B347",
      year           = "1995",
      pages          = "143-151",
      doi            = "10.1016/0370-2693(95)00036-K",
      eprint         = "hep-ph/9411431",
      archivePrefix  = "arXiv",
      primaryClass   = "hep-ph",
      reportNumber   = "SMU-HEP-94-25, ITP-SB-94-59, INLO-PUB-16-94",
      SLACcitation   = "%%CITATION = HEP-PH/9411431;%%"
}
%OME alphas^2
@article{Buza:1995ie,
      author         = "Buza, M. and Matiounine, Y. and Smith, J. and Migneron,
                        R. and van Neerven, W. L.",
      title          = "{Heavy quark coefficient functions at asymptotic values
                        Q**2 >> m**2}",
      journal        = "Nucl. Phys.",
      volume         = "B472",
      year           = "1996",
      pages          = "611-658",
      doi            = "10.1016/0550-3213(96)00228-3",
      eprint         = "hep-ph/9601302",
      archivePrefix  = "arXiv",
      primaryClass   = "hep-ph",
      reportNumber   = "NIKHEF-95-070, ITP-SB-95-59, INLO-PUB-22-95",
      SLACcitation   = "%%CITATION = HEP-PH/9601302;%%"
}
%Charm OME nnlo
@article{Buza:1996wv,
      author         = "Buza, M. and Matiounine, Y. and Smith, J. and van
                        Neerven, W. L.",
      title          = "{Charm electroproduction viewed in the variable flavor
                        number scheme versus fixed order perturbation theory}",
      journal        = "Eur. Phys. J.",
      volume         = "C1",
      year           = "1998",
      pages          = "301-320",
      doi            = "10.1007/BF01245820",
      eprint         = "hep-ph/9612398",
      archivePrefix  = "arXiv",
      primaryClass   = "hep-ph",
      reportNumber   = "NIKHEF-96-027, ITP-SB-96-66, DESY-96-258, INLO-PUB-22-96",
      SLACcitation   = "%%CITATION = HEP-PH/9612398;%%"
}
%DY Diff O(alphas^2)
@article{Anastasiou:2003yy,
      author         = "Anastasiou, Charalampos and Dixon, Lance J. and Melnikov,
                        Kirill and Petriello, Frank",
      title          = "{Dilepton rapidity distribution in the Drell-Yan process
                        at NNLO in QCD}",
      journal        = "Phys. Rev. Lett.",
      volume         = "91",
      year           = "2003",
      pages          = "182002",
      doi            = "10.1103/PhysRevLett.91.182002",
      eprint         = "hep-ph/0306192",
      archivePrefix  = "arXiv",
      primaryClass   = "hep-ph",
      reportNumber   = "SLAC-PUB-10000, UH-511-1029-03",
      SLACcitation   = "%%CITATION = HEP-PH/0306192;%%"
}
%DY Diff O(alphas^2)
@article{Anastasiou:2003ds,
      author         = "Anastasiou, Charalampos and Dixon, Lance J. and Melnikov,
                        Kirill and Petriello, Frank",
      title          = "{High precision QCD at hadron colliders: Electroweak
                        gauge boson rapidity distributions at NNLO}",
      journal        = "Phys. Rev.",
      volume         = "D69",
      year           = "2004",
      pages          = "094008",
      doi            = "10.1103/PhysRevD.69.094008",
      eprint         = "hep-ph/0312266",
      archivePrefix  = "arXiv",
      primaryClass   = "hep-ph",
      reportNumber   = "SLAC-PUB-10288, UH-511-1042-03",
      SLACcitation   = "%%CITATION = HEP-PH/0312266;%%"
}

%MSTW FFNS
@article{Martin:2010db,
      author         = "Martin, A. D. and Stirling, W. J. and Thorne, R. S. and
                        Watt, G.",
      title          = "{Heavy-quark mass dependence in global PDF analyses and
                        3- and 4-flavour parton distributions}",
      journal        = "Eur. Phys. J.",
      volume         = "C70",
      year           = "2010",
      pages          = "51-72",
      doi            = "10.1140/epjc/s10052-010-1462-8",
      eprint         = "1007.2624",
      archivePrefix  = "arXiv",
      primaryClass   = "hep-ph",
      reportNumber   = "IPPP-10-29, DCPT-10-58, CAVENDISH-HEP-10-07,
                        CERN-PH-TH-2010-160",
      SLACcitation   = "%%CITATION = ARXIV:1007.2624;%%"
}
%TR scheme NNLO
@article{Thorne:1997ga,
      author         = "Thorne, R. S. and Roberts, R. G.",
      title          = "{An Ordered analysis of heavy flavor production in deep
                        inelastic scattering}",
      journal        = "Phys. Rev.",
      volume         = "D57",
      year           = "1998",
      pages          = "6871-6898",
      doi            = "10.1103/PhysRevD.57.6871",
      eprint         = "hep-ph/9709442",
      archivePrefix  = "arXiv",
      primaryClass   = "hep-ph",
      reportNumber   = "RAL-TR-97-049",
      SLACcitation   = "%%CITATION = HEP-PH/9709442;%%"
}
%FONLL scheme NNLO
@article{Forte:2010ta,
      author         = "Forte, Stefano and Laenen, Eric and Nason, Paolo and
                        Rojo, Juan",
      title          = "{Heavy quarks in deep-inelastic scattering}",
      journal        = "Nucl. Phys.",
      volume         = "B834",
      year           = "2010",
      pages          = "116-162",
      doi            = "10.1016/j.nuclphysb.2010.03.014",
      eprint         = "1001.2312",
      archivePrefix  = "arXiv",
      primaryClass   = "hep-ph",
      reportNumber   = "IFUM-949-FT, NIKHEF-2010-001, ITP-UU-10-03, ITFA-2010-01",
      SLACcitation   = "%%CITATION = ARXIV:1001.2312;%%"
}

%NNPDF3.1luxQED
@article{Bertone:2017bme,
      author         = "Bertone, Valerio and Carrazza, Stefano and Hartland,
                        Nathan P. and Rojo, Juan",
      title          = "{Illuminating the photon content of the proton within a
                        global PDF analysis}",
      collaboration  = "NNPDF",
      journal        = "SciPost Phys.",
      volume         = "5",
      year           = "2018",
      number         = "1",
      pages          = "008",
      doi            = "10.21468/SciPostPhys.5.1.008",
      eprint         = "1712.07053",
      archivePrefix  = "arXiv",
      primaryClass   = "hep-ph",
      reportNumber   = "Nikhef/2017-064, CERN-TH-2017-235, NIKHEF-2017-064",
      SLACcitation   = "%%CITATION = ARXIV:1712.07053;%%"
}

%NNPDF3.1
@article{Ball:2017nwa,
      author         = "Ball, Richard D. and others",
      title          = "{Parton distributions from high-precision collider data}",
      collaboration  = "NNPDF",
      journal        = "Eur. Phys. J.",
      volume         = "C77",
      year           = "2017",
      number         = "10",
      pages          = "663",
      doi            = "10.1140/epjc/s10052-017-5199-5",
      eprint         = "1706.00428",
      archivePrefix  = "arXiv",
      primaryClass   = "hep-ph",
      reportNumber   = "CAVENDISH-HEP-17-06, CERN-TH-2017-077, EDINBURGH-2017-08,
                        NIKHEF-2017-006, OUTP-17-04P, TIF-UNIMI-2017-3",
      SLACcitation   = "%%CITATION = ARXIV:1706.00428;%%"
}

@article{Alekhin:2012vu,
      author         = "Alekhin, S. and Blümlein, J. and Daum, K. and Lipka, K.
                        and Moch, S.",
      title          = "{Precise charm-quark mass from deep-inelastic
                        scattering}",
      journal        = "Phys. Lett.",
      volume         = "B720",
      year           = "2013",
      pages          = "172-176",
      doi            = "10.1016/j.physletb.2013.02.010",
      eprint         = "1212.2355",
      archivePrefix  = "arXiv",
      primaryClass   = "hep-ph",
      reportNumber   = "DESY-12-233, DO-TH-12-35, LPN-12-132, SFB-CPP-12-96",
      SLACcitation   = "%%CITATION = ARXIV:1212.2355;%%"
}
%RUNDEC
@article{Chetyrkin:2000yt,
      author         = "Chetyrkin, K. G. and Kuhn, Johann H. and Steinhauser, M.",
      title          = "{RunDec: A Mathematica package for running and decoupling
                        of the strong coupling and quark masses}",
      journal        = "Comput. Phys. Commun.",
      volume         = "133",
      year           = "2000",
      pages          = "43-65",
      doi            = "10.1016/S0010-4655(00)00155-7",
      eprint         = "hep-ph/0004189",
      archivePrefix  = "arXiv",
      primaryClass   = "hep-ph",
      reportNumber   = "DESY-00-034, TTP-00-05",
      SLACcitation   = "%%CITATION = HEP-PH/0004189;%%"
}

@article{Chetyrkin:1997un,
      author         = "Chetyrkin, K. G. and Kniehl, Bernd A. and Steinhauser,
                        M.",
      title          = "{Decoupling relations to O (alpha-s**3) and their
                        connection to low-energy theorems}",
      journal        = "Nucl. Phys.",
      volume         = "B510",
      year           = "1998",
      pages          = "61-87",
      doi            = "10.1016/S0550-3213(98)81004-3,
                        10.1016/S0550-3213(97)00649-4",
      eprint         = "hep-ph/9708255",
      archivePrefix  = "arXiv",
      primaryClass   = "hep-ph",
      reportNumber   = "MPI-PHT-97-041, MPI-PHT-97-41",
      SLACcitation   = "%%CITATION = HEP-PH/9708255;%%"
}

%Collins Renormalization
@book{Collins:1984xc,
      author         = "Collins, John C.",
      title          = "{Renormalization}",
      publisher      = "Cambridge University Press",
      address        = "Cambridge",
      year           = "1986",
      url            = "http://www-spires.fnal.gov/spires/find/books/www?cl=QC174.17.R46C65::1985",
      volume         = "26",
      series         = "Cambridge Monographs on Mathematical Physics",
      ISBN           = "9780521311779, 9780511867392",
      SLACcitation   = "%%CITATION = INSPIRE-209810;%%"
}

%Collins Foundations of perturbative QCD
@book{Collins:2011zzd,
      author         = "Collins, John",
      title          = "{Foundations of perturbative QCD}",
      publisher      = "Cambridge University Press",
      year           = "2013",
      url            = "http://www.cambridge.org/de/knowledge/isbn/item5756723",
      journal        = "Cambridge, UK: Univ. Pr. (2011) 624 p",
      ISBN           = "9781107645257, 9781107645257, 9780521855334,
                        9781139097826",
      SLACcitation   = "%%CITATION = INSPIRE-922696;%%"
}


%LHCb charm production 7 tev
@article{Aaij:2013mga,
      author         = "Aaij, R and others",
      title          = "{Prompt charm production in pp collisions at sqrt(s)=7
                        TeV}",
      collaboration  = "LHCb",
      journal        = "Nucl. Phys.",
      volume         = "B871",
      year           = "2013",
      pages          = "1-20",
      doi            = "10.1016/j.nuclphysb.2013.02.010",
      eprint         = "1302.2864",
      archivePrefix  = "arXiv",
      primaryClass   = "hep-ex",
      reportNumber   = "LHCB-PAPER-2012-041, CERN-PH-EP-2013-009",
      SLACcitation   = "%%CITATION = ARXIV:1302.2864;%%"
}
%Old LHCb data set 240 replced by 245
@article{Aaij:2012vn,
      author         = "Aaij, R and others",
      title          = "{Inclusive $W$ and $Z$ production in the forward region
                        at $\sqrt{s} = 7$ TeV}",
      collaboration  = "LHCb",
      journal        = "JHEP",
      volume         = "06",
      year           = "2012",
      pages          = "058",
      doi            = "10.1007/JHEP06(2012)058",
      eprint         = "1204.1620",
      archivePrefix  = "arXiv",
      primaryClass   = "hep-ex",
      reportNumber   = "CERN-PH-EP-2012-099, LHCB-PAPER-2012-008",
      SLACcitation   = "%%CITATION = ARXIV:1204.1620;%%"
}

%Charm Prod CTEQ6.5
@article{Pumplin:2007wg,
      author         = "Pumplin, J. and Lai, H.-L. and Tung, W.-K.",
      title          = "{The Charm Parton Content of the Nucleon}",
      journal        = "Phys. Rev.",
      volume         = "D75",
      year           = "2007",
      pages          = "054029",
      doi            = "10.1103/PhysRevD.75.054029",
      eprint         = "hep-ph/0701220",
      archivePrefix  = "arXiv",
      primaryClass   = "hep-ph",
      reportNumber   = "MSU-HEP-070101",
      SLACcitation   = "%%CITATION = HEP-PH/0701220;%%"
}

% CMS Z+charm prod 8 teV 
@article{CMS:2016dyh,
      author         = "CMS Collaboration",
      title          = "{Measurement of associated Z + charm production in pp
                        collisions at $\sqrt{s} = 8~\mathrm{TeV}$}",
      collaboration  = "CMS",
      year           = "2016",
      reportNumber   = "CMS-PAS-SMP-15-009",
      SLACcitation   = "%%CITATION = CMS-PAS-SMP-15-009;%%"
}


%Z+charm NLO Fixed order MCFM
@article{Campbell:2003dd,
      author         = "Campbell, John M. and Ellis, R. Keith and Maltoni, F. and
                        Willenbrock, S.",
      title          = "{Associated production of a $Z$ Boson and a single heavy
                        quark jet}",
      journal        = "Phys. Rev.",
      volume         = "D69",
      year           = "2004",
      pages          = "074021",
      doi            = "10.1103/PhysRevD.69.074021",
      eprint         = "hep-ph/0312024",
      archivePrefix  = "arXiv",
      primaryClass   = "hep-ph",
      reportNumber   = "ANL-HEP-PR-03-104, FERMILAB-PUB-03-378-T, RM3-TH-03-17,
                        ILL-TH-03-10, NSF-KITP-03-98",
      SLACcitation   = "%%CITATION = HEP-PH/0312024;%%"
}

%MCFM code
@article{Campbell:2010ff,
      author         = "Campbell, John M. and Ellis, R. K.",
      title          = "MCFM for the Tevatron and the LHC",
      journal        = "Nucl. Phys. Proc. Suppl.",
      volume         = "205-206",
      year           = "2010",
      pages          = "10",
      doi            = "10.1016/j.nuclphysbps.2010.08.011",
      eprint         = "1007.3492",
      archivePrefix  = "arXiv",
      primaryClass   = "hep-ph",
      reportNumber   = "FERMILAB-CONF-10-244-T",
      SLACcitation   = "%%CITATION = ARXIV:1007.3492;%%"
}

@article{Campbell:2002zm,
      author         = "Campbell, John M. and Ellis, R. Keith and Maltoni, F. and
                        Willenbrock, S.",
      title          = "{Higgs-Boson production in association with a single
                        bottom quark}",
      journal        = "Phys. Rev.",
      volume         = "D67",
      year           = "2003",
      pages          = "095002",
      doi            = "10.1103/PhysRevD.67.095002",
      eprint         = "hep-ph/0204093",
      archivePrefix  = "arXiv",
      primaryClass   = "hep-ph",
      reportNumber   = "ANL-HEP-PR-02-027, FERMILAB-PUB-02-062-T, ILL-TH-02-3",
      SLACcitation   = "%%CITATION = HEP-PH/0204093;%%"
}
@article{Hoeche:2009xc,
      author         = "H{\"o}che, Stefan and Schumann, Steffen and Siegert, Frank",
      title          = "{Hard photon production and matrix-element parton-shower
                        merging}",
      journal        = "Phys. Rev.",
      volume         = "D81",
      year           = "2010",
      pages          = "034026",
      doi            = "10.1103/PhysRevD.81.034026",
      eprint         = "0912.3501",
      archivePrefix  = "arXiv",
      primaryClass   = "hep-ph",
      reportNumber   = "ZU-TH-19-09, IPPP-09-94, DCPT-09-188, HD-THEP-09-28,
                        MCNET-09-18",
      SLACcitation   = "%%CITATION = ARXIV:0912.3501;%%"
}

@article{Hoeche:2009rj,
      author         = "H{\"o}che, Stefan and Krauss, Frank and Schumann, Steffen
                        and Siegert, Frank",
      title          = "{QCD matrix elements and truncated showers}",
      journal        = "JHEP",
      volume         = "05",
      year           = "2009",
      pages          = "053",
      doi            = "10.1088/1126-6708/2009/05/053",
      eprint         = "0903.1219",
      archivePrefix  = "arXiv",
      primaryClass   = "hep-ph",
      reportNumber   = "ZU-TH-02-09, IPPP-09-14, DCPT-09-28, HD-THEP-09-2,
                        MCNET-09-04",
      SLACcitation   = "%%CITATION = ARXIV:0903.1219;%%"
}

@article{Gleisberg:2008ta,
      author         = "Gleisberg, T. and H{\"o}che, S. and Krauss, F. and
                        Sch{\"o}nherr, M. and Schumann, S. and
                        Siegert, F. and Winter, J.",
      title          = "{Event generation with SHERPA 1.1}",
      journal        = "JHEP",
      volume         = "02",
      year           = "2009",
      pages          = "007",
      doi            = "10.1088/1126-6708/2009/02/007",
      eprint         = "0811.4622",
      archivePrefix  = "arXiv",
      primaryClass   = "hep-ph",
      reportNumber   = "FERMILAB-PUB-08-477-T, SLAC-PUB-13420, ZU-TH-17-08,
                        DCPT-08-138, IPPP-08-69, EDINBURGH-2008-30, MCNET-08-14",
      SLACcitation   = "%%CITATION = ARXIV:0811.4622;%%"
}

@article{Cacciari:2011ma,
      author         = "Cacciari, Matteo and Salam, Gavin P. and Soyez, Gregory",
      title          = "{FastJet User Manual}",
      journal        = "Eur. Phys. J.",
      volume         = "C72",
      year           = "2012",
      pages          = "1896",
      doi            = "10.1140/epjc/s10052-012-1896-2",
      eprint         = "1111.6097",
      archivePrefix  = "arXiv",
      primaryClass   = "hep-ph",
      reportNumber   = "CERN-PH-TH-2011-297",
      SLACcitation   = "%%CITATION = ARXIV:1111.6097;%%"
}

@article{Ball:2014uwa,
      author         = "Ball, Richard D. and others",
      title          = "{Parton distributions for the LHC Run II}",
      collaboration  = "NNPDF",
      journal        = "JHEP",
      volume         = "04",
      year           = "2015",
      pages          = "040",
      doi            = "10.1007/JHEP04(2015)040",
      eprint         = "1410.8849",
      archivePrefix  = "arXiv",
      primaryClass   = "hep-ph",
      reportNumber   = "EDINBURGH-2014-15, IFUM-1034-FT, CERN-PH-TH-2013-253,
                        OUTP-14-11P, CAVENDISH-HEP-14-11",
      SLACcitation   = "%%CITATION = ARXIV:1410.8849;%%"
}


%Parton Luminosity def.
@article{Campbell:2006wx,
      author         = "Campbell, John M. and Huston, J. W. and Stirling, W. J.",
      title          = "{Hard Interactions of Quarks and Gluons: A Primer for LHC
                        Physics}",
      journal        = "Rept. Prog. Phys.",
      volume         = "70",
      year           = "2007",
      pages          = "89",
      doi            = "10.1088/0034-4885/70/1/R02",
      eprint         = "hep-ph/0611148",
      archivePrefix  = "arXiv",
      primaryClass   = "hep-ph",
      SLACcitation   = "%%CITATION = HEP-PH/0611148;%%"
}
%FL data
@article{Collaboration:2010ry,
      author         = "Aaron, F. D. and others",
      title          = "{Measurement of the Inclusive $e^{\pm}p$ Scattering Cross
                        Section at High Inelasticity y and of the Structure
                        Function $F_L$}",
      collaboration  = "H1",
      journal        = "Eur. Phys. J.",
      volume         = "C71",
      year           = "2011",
      pages          = "1579",
      doi            = "10.1140/epjc/s10052-011-1579-4",
      eprint         = "1012.4355",
      archivePrefix  = "arXiv",
      primaryClass   = "hep-ex",
      reportNumber   = "DESY-10-228",
      SLACcitation   = "%%CITATION = ARXIV:1012.4355;%%"
}



@misc{Sherpa-2.2.1,
  author = {Sherpa},
  title = {{A Monte Carlo event generator for the Simulation of High-Energy Reactions of Particles}},
  howpublished = "\url{https://sherpa.hepforge.org/trac/wiki/}",
  year = {2016}, 
}




@article{Chang:2011vx,
      author         = "Chang, Wen-Chen and Peng, Jen-Chieh",
      title          = "{Flavor Asymmetry of the Nucleon Sea and the Five-Quark
                        Components of the Nucleons}",
      journal        = "Phys. Rev. Lett.",
      volume         = "106",
      year           = "2011",
      pages          = "252002",
      doi            = "10.1103/PhysRevLett.106.252002",
      eprint         = "1102.5631",
      archivePrefix  = "arXiv",
      primaryClass   = "hep-ph",
      SLACcitation   = "%%CITATION = ARXIV:1102.5631;%%"
}

@article{Liu:2012ch,
      author         = "Liu, Keh-Fei and Chang, Wen-Chen and Cheng, Hai-Yang and
                        Peng, Jen-Chieh",
      title          = "{Connected-Sea Partons}",
      journal        = "Phys. Rev. Lett.",
      volume         = "109",
      year           = "2012",
      pages          = "252002",
      doi            = "10.1103/PhysRevLett.109.252002",
      eprint         = "1206.4339",
      archivePrefix  = "arXiv",
      primaryClass   = "hep-ph",
      reportNumber   = "UK-12-06",
      SLACcitation   = "%%CITATION = ARXIV:1206.4339;%%"
}

@article{Collins:1998rz,
      author         = "Collins, John C.",
      title          = "{Hard scattering factorization with heavy quarks: A
                        General treatment}",
      journal        = "Phys. Rev.",
      volume         = "D58",
      year           = "1998",
      pages          = "094002",
      doi            = "10.1103/PhysRevD.58.094002",
      eprint         = "hep-ph/9806259",
      archivePrefix  = "arXiv",
      primaryClass   = "hep-ph",
      reportNumber   = "PSU-TH-198",
      SLACcitation   = "%%CITATION = HEP-PH/9806259;%%"
}

%DGLAP REFERENCES
@article{Gribov:1972ri,
      author         = "Gribov, V. N. and Lipatov, L. N.",
      title          = "{Deep inelastic e p scattering in perturbation theory}",
      journal        = "Sov. J. Nucl. Phys.",
      volume         = "15",
      year           = "1972",
      pages          = "438-450",
      note           = "[Yad. Fiz.15,781(1972)]",
      reportNumber   = "IPTI-381-71",
      SLACcitation   = "%%CITATION = SJNCA,15,438;%%"
}

@article{Gribov:1972rt,
      author         = "Gribov, V. N. and Lipatov, L. N.",
      title          = "{e+ e- pair annihilation and deep inelastic e p
                        scattering in perturbation theory}",
      journal        = "Sov. J. Nucl. Phys.",
      volume         = "15",
      year           = "1972",
      pages          = "675-684",
      note           = "[Yad. Fiz.15,1218(1972)]",
      SLACcitation   = "%%CITATION = SJNCA,15,675;%%"
}

@article{Lipatov:1974qm,
      author         = "Lipatov, L. N.",
      title          = "{The parton model and perturbation theory}",
      journal        = "Sov. J. Nucl. Phys.",
      volume         = "20",
      year           = "1975",
      pages          = "94-102",
      note           = "[Yad. Fiz.20,181(1974)]",
      SLACcitation   = "%%CITATION = SJNCA,20,94;%%"
}

@article{Dokshitzer:1977sg,
      author         = "Dokshitzer, Yuri L.",
      title          = "{Calculation of the Structure Functions for Deep
                        Inelastic Scattering and e+ e- Annihilation by
                        Perturbation Theory in Quantum Chromodynamics.}",
      journal        = "Sov. Phys. JETP",
      volume         = "46",
      year           = "1977",
      pages          = "641-653",
      note           = "[Zh. Eksp. Teor. Fiz.73,1216(1977)]",
      SLACcitation   = "%%CITATION = SPHJA,46,641;%%"
}

@article{Altarelli:1977zs,
      author         = "Altarelli, Guido and Parisi, G.",
      title          = "{Asymptotic Freedom in Parton Language}",
      journal        = "Nucl. Phys.",
      volume         = "B126",
      year           = "1977",
      pages          = "298-318",
      doi            = "10.1016/0550-3213(77)90384-4",
      reportNumber   = "LPTENS-77-6",
      SLACcitation   = "%%CITATION = NUPHA,B126,298;%%"
}

@article{Jimenez-Delgado:2014zga,
      author         = "Jimenez-Delgado, P. and Hobbs, T. J. and Londergan, J. T.
                        and Melnitchouk, W.",
      title          = "{New limits on intrinsic charm in the nucleon from global
                        analysis of parton distributions}",
      journal        = "Phys. Rev. Lett.",
      volume         = "114",
      year           = "2015",
      number         = "8",
      pages          = "082002",
      doi            = "10.1103/PhysRevLett.114.082002",
      eprint         = "1408.1708",
      archivePrefix  = "arXiv",
      primaryClass   = "hep-ph",
      reportNumber   = "JLAB-THY-14-1930",
      SLACcitation   = "%%CITATION = ARXIV:1408.1708;%%"
}

@article{Jimenez-Delgado:2015tma,
      author         = "Jimenez-Delgado, P. and Hobbs, T. J. and Londergan, J. T.
                        and Melnitchouk, W.",
      title          = "{Reply to Comment on "New limits on intrinsic charm in
                        the nucleon from global analysis of parton
                        distributions"}",
      journal        = "Phys. Rev. Lett.",
      volume         = "116",
      year           = "2016",
      number         = "1",
      pages          = "019102",
      doi            = "10.1103/PhysRevLett.116.019102",
      eprint         = "1504.06304",
      archivePrefix  = "arXiv",
      primaryClass   = "hep-ph",
      reportNumber   = "JLAB-THY-15-2031",
      SLACcitation   = "%%CITATION = ARXIV:1504.06304;%%"
}

@article{Hobbs:2013bia,
      author         = "Hobbs, T. J. and Londergan, J. T. and Melnitchouk, W.",
      title          = "{Phenomenology of nonperturbative charm in the nucleon}",
      journal        = "Phys. Rev.",
      volume         = "D89",
      year           = "2014",
      number         = "7",
      pages          = "074008",
      doi            = "10.1103/PhysRevD.89.074008",
      eprint         = "1311.1578",
      archivePrefix  = "arXiv",
      primaryClass   = "hep-ph",
      reportNumber   = "JLAB-THY-13-1813",
      SLACcitation   = "%%CITATION = ARXIV:1311.1578;%%"
}

%Higher Twists in DIS==========================
@article{Gross:1971wn,
      author         = "Gross, David J. and Treiman, S. B.",
      title          = "{Light cone structure of current commutators in the gluon
                        quark model}",
      journal        = "Phys. Rev.",
      volume         = "D4",
      year           = "1971",
      pages          = "1059-1072",
      doi            = "10.1103/PhysRevD.4.1059",
      SLACcitation   = "%%CITATION = PHRVA,D4,1059;%%"
}

@article{Anikin:1978tj,
      author         = "Anikin, S. A. and Zavyalov, O. I.",
      title          = "{Short Distance and Light Cone Expansions for Products of
                        Currents}",
      journal        = "Annals Phys.",
      volume         = "116",
      year           = "1978",
      pages          = "135-166",
      doi            = "10.1016/0003-4916(78)90007-6",
      SLACcitation   = "%%CITATION = APNYA,116,135;%%"
}

@article{Jaffe:1983hp,
      author         = "Jaffe, R. L.",
      title          = "{Parton Distribution Functions for Twist Four}",
      journal        = "Nucl. Phys.",
      volume         = "B229",
      year           = "1983",
      pages          = "205-230",
      doi            = "10.1016/0550-3213(83)90361-9",
      reportNumber   = "MIT-CTP-1085",
      SLACcitation   = "%%CITATION = NUPHA,B229,205;%%"
}

@article{Jaffe:1982pm,
      author         = "Jaffe, R. L. and Soldate, M.",
      title          = "{Twist Four in Electroproduction: Canonical Operators and
                        Coefficient Functions}",
      journal        = "Phys. Rev.",
      volume         = "D26",
      year           = "1982",
      pages          = "49-68",
      doi            = "10.1103/PhysRevD.26.49",
      reportNumber   = "MIT-CTP-954-REV, MIT-CTP-954",
      SLACcitation   = "%%CITATION = PHRVA,D26,49;%%"
}


@article{Ellis:1982cd,
      author         = "Ellis, R. Keith and Furmanski, W. and Petronzio, R.",
      title          = "{Unraveling Higher Twists}",
      journal        = "Nucl. Phys.",
      volume         = "B212",
      year           = "1983",
      pages          = "29",
      doi            = "10.1016/0550-3213(83)90597-7",
      reportNumber   = "CERN-TH-3301",
      SLACcitation   = "%%CITATION = NUPHA,B212,29;%%"
}


@article{Ellis:1982wd,
      author         = "Ellis, R. Keith and Furmanski, W. and Petronzio, R.",
      title          = "{Power Corrections to the Parton Model in QCD}",
      journal        = "Nucl. Phys.",
      volume         = "B207",
      year           = "1982",
      pages          = "1-14",
      doi            = "10.1016/0550-3213(82)90132-8",
      reportNumber   = "CERN-TH-3254",
      SLACcitation   = "%%CITATION = NUPHA,B207,1;%%"
}

@article{Balitsky:1987bk,
      author         = "Balitsky, I. I. and Braun, Vladimir M.",
      title          = "{Evolution Equations for QCD String Operators}",
      journal        = "Nucl. Phys.",
      volume         = "B311",
      year           = "1989",
      pages          = "541-584",
      doi            = "10.1016/0550-3213(89)90168-5",
      reportNumber   = "LENINGRAD-87-1351",
      SLACcitation   = "%%CITATION = NUPHA,B311,541;%%"
}

@article{Qiu:1988dn,
      author         = "Qiu, Jian-Wei",
      title          = "{Twist Four Contributions to the Parton Structure
                        Functions}",
      journal        = "Phys. Rev.",
      volume         = "D42",
      year           = "1990",
      pages          = "30-44",
      doi            = "10.1103/PhysRevD.42.30",
      reportNumber   = "ANL-HEP-PR-88-10",
      SLACcitation   = "%%CITATION = PHRVA,D42,30;%%"
}

@article{Balitsky:1989jb,
      author         = "Balitsky, I. I. and Braun, Vladimir M. and Kolesnichenko,
                        A. V.",
      title          = "{Power corrections 1 / Q**2 to parton sum rules for deep
                        inelastic scattering from polarized targets}",
      journal        = "Phys. Lett.",
      volume         = "B242",
      year           = "1990",
      pages          = "245-250",
      doi            = "10.1016/0370-2693(90)91465-N,
                        10.1016/0370-2693(93)90468-W",
      note           = "[Erratum: Phys. Lett.B318,648(1993)]",
      eprint         = "hep-ph/9310316",
      archivePrefix  = "arXiv",
      primaryClass   = "hep-ph",
      reportNumber   = "LENINGRAD-89-1515",
      SLACcitation   = "%%CITATION = HEP-PH/9310316;%%"
}

@article{Qiu:1990xxa,
      author         = "Qiu, Jian-wei and Sterman, George F.",
      title          = "{Power corrections in hadronic scattering. 1. Leading
                        1/Q**2 corrections to the Drell-Yan cross-section}",
      journal        = "Nucl. Phys.",
      volume         = "B353",
      year           = "1991",
      pages          = "105-136",
      doi            = "10.1016/0550-3213(91)90503-P",
      reportNumber   = "ITP-SB-90-49",
      SLACcitation   = "%%CITATION = NUPHA,B353,105;%%"
}

@article{Qiu:1990xy,
      author         = "Qiu, Jian-wei and Sterman, George F.",
      title          = "{Power corrections to hadronic scattering. 2.
                        Factorization}",
      journal        = "Nucl. Phys.",
      volume         = "B353",
      year           = "1991",
      pages          = "137-164",
      doi            = "10.1016/0550-3213(91)90504-Q",
      reportNumber   = "ITP-SB-90-50",
      SLACcitation   = "%%CITATION = NUPHA,B353,137;%%"
}

@article{Jaffe:1991ra,
      author         = "Jaffe, R. L. and Ji, Xiang-Dong",
      title          = "{Chiral odd parton distributions and Drell-Yan
                        processes}",
      journal        = "Nucl. Phys.",
      volume         = "B375",
      year           = "1992",
      pages          = "527-560",
      doi            = "10.1016/0550-3213(92)90110-W",
      reportNumber   = "MIT-CTP-2005",
      SLACcitation   = "%%CITATION = NUPHA,B375,527;%%"
}

@inproceedings{Jaffe:1996zw,
      author         = "Jaffe, Robert L.",
      title          = "{Spin, twist and hadron structure in deep inelastic
                        processes}",
      year           = "1996",
      pages          = "42-129",
      eprint         = "hep-ph/9602236",
      archivePrefix  = "arXiv",
      primaryClass   = "hep-ph",
      reportNumber   = "MIT-CTP-2506, C95-08-03",
      SLACcitation   = "%%CITATION = HEP-PH/9602236;%%"
}


@article{Mueller:1998fv,
      author         = "Müller, Dieter and Robaschik, D. and Geyer, B. and
                        Dittes, F. -M. and Hořejši, J.",
      title          = "{Wave functions, evolution equations and evolution
                        kernels from light ray operators of QCD}",
      journal        = "Fortsch. Phys.",
      volume         = "42",
      year           = "1994",
      pages          = "101-141",
      doi            = "10.1002/prop.2190420202",
      eprint         = "hep-ph/9812448",
      archivePrefix  = "arXiv",
      primaryClass   = "hep-ph",
      reportNumber   = "NTZ-6-91, NTZ-91-6",
      SLACcitation   = "%%CITATION = HEP-PH/9812448;%%"
}

@article{Blumlein:1999sc,
      author         = "Blumlein, Johannes and Geyer, Bodo and Robaschik, Dieter",
      title          = "{The Virtual Compton amplitude in the generalized Bjorken
                        region: twist-2 contributions}",
      journal        = "Nucl. Phys.",
      volume         = "B560",
      year           = "1999",
      pages          = "283-344",
      doi            = "10.1016/S0550-3213(99)00418-6",
      eprint         = "hep-ph/9903520",
      archivePrefix  = "arXiv",
      primaryClass   = "hep-ph",
      reportNumber   = "DESY-99-020, NTZ-16-99",
      SLACcitation   = "%%CITATION = HEP-PH/9903520;%%"
}

@article{Geyer:1999uq,
      author         = "Geyer, Bodo and Lazar, Markus and Robaschik, Dieter",
      title          = "{Decomposition of nonlocal light cone operators into
                        harmonic operators of definite twist}",
      journal        = "Nucl. Phys.",
      volume         = "B559",
      year           = "1999",
      pages          = "339-377",
      doi            = "10.1016/S0550-3213(99)00334-X",
      eprint         = "hep-th/9901090",
      archivePrefix  = "arXiv",
      primaryClass   = "hep-th",
      reportNumber   = "NTZ-2-99",
      SLACcitation   = "%%CITATION = HEP-TH/9901090;%%"
}

@article{Geyer:2000ma,
      author         = "Geyer, Bodo and Lazar, Markus",
      title          = "{Parton distribution functions from nonlocal light cone
                        operators with definite twist}",
      journal        = "Phys. Rev.",
      volume         = "D63",
      year           = "2001",
      pages          = "094003",
      doi            = "10.1103/PhysRevD.63.094003",
      eprint         = "hep-ph/0009309",
      archivePrefix  = "arXiv",
      primaryClass   = "hep-ph",
      reportNumber   = "NTZ-23-2000",
      SLACcitation   = "%%CITATION = HEP-PH/0009309;%%"
}

@article{Ji:2014eta,
      author         = "Ji, Yao and Belitsky, A. V.",
      title          = "{Renormalization of twist-four operators in light-cone
                        gauge}",
      journal        = "Nucl. Phys.",
      volume         = "B894",
      year           = "2015",
      pages          = "161-222",
      doi            = "10.1016/j.nuclphysb.2015.03.002",
      eprint         = "1405.2828",
      archivePrefix  = "arXiv",
      primaryClass   = "hep-ph",
      SLACcitation   = "%%CITATION = ARXIV:1405.2828;%%"
}

@article{Curci:1980uw,
      author         = "Curci, G. and Furmanski, W. and Petronzio, R.",
      title          = "{Evolution of Parton Densities Beyond Leading Order: The
                        Nonsinglet Case}",
      journal        = "Nucl. Phys.",
      volume         = "B175",
      year           = "1980",
      pages          = "27-92",
      doi            = "10.1016/0550-3213(80)90003-6",
      reportNumber   = "CERN-TH-2815",
      SLACcitation   = "%%CITATION = NUPHA,B175,27;%%"
}


@Unpublished{KFLiuPrivate,
  author =       {Liu, K.-F.},
  OPTtitle =        {},
  note =         {private communication},
  OPTkey =       {},
  OPTmonth =     {},
  OPTyear =      {},
  OPTannote =    {}
}


@PhdThesis{WangBowenThesis,
  author =       {Wang, Bowen},
  title =        {Application of QCD factorization in multiscale hadronic scattering},
  school =       {Southern Methodist University},
  year =         {2015},
  OPTkey =       {},
  OPTtype =      {},
  OPTaddress =   {},
  OPTmonth =     {},
  OPTnote =      {},
  OPTannote =    {}
}


@article{Bertone:2016ywq,
      author         = "Bertone, Valerio and others",
      collaboration  = "xFitter Developers' Team",
      journal        = "JHEP",
      volume         = "08",
      year           = "2016",
      pages          = "050",
      doi            = "10.1007/JHEP08(2016)050",
      eprint         = "1605.01946",
      archivePrefix  = "arXiv",
      primaryClass   = "hep-ph",
      reportNumber   = "OUTP-16-10P, DESY-16-078",
      SLACcitation   = "%%CITATION = ARXIV:1605.01946;%%"
}


%ABMP16
@article{Alekhin:2017kpj,
      author         = "Alekhin, S. and Blümlein, J. and Moch, S. and Placakyte,
                        R.",
      title          = "{Parton distribution functions, $\alpha_s$, and
                        heavy-quark masses for LHC Run II}",
      journal        = "Phys. Rev.",
      volume         = "D96",
      year           = "2017",
      number         = "1",
      pages          = "014011",
      doi            = "10.1103/PhysRevD.96.014011",
      eprint         = "1701.05838",
      archivePrefix  = "arXiv",
      primaryClass   = "hep-ph",
      reportNumber   = "DESY-16-179, DO-TH-16-13",
      SLACcitation   = "%%CITATION = ARXIV:1701.05838;%%"
}



@article{Gizhko:2017fiu,
      author         = "Gizhko, A. and others",
      title          = "{Running of the Charm-Quark Mass from HERA Deep-Inelastic
                        Scattering Data}",
      year           = "2017",
      eprint         = "1705.08863",
      archivePrefix  = "arXiv",
      primaryClass   = "hep-ph",
      reportNumber   = "DESY-17-048",
      SLACcitation   = "%%CITATION = ARXIV:1705.08863;%%"
}

@article{Paiva:1996dd,
      author         = "Paiva, S. and Nielsen, Marina and Navarra, F. S. and
                        Duraes, F. O. and Barz, L. L.",
      title          = "{Virtual meson cloud of the nucleon and intrinsic
                        strangeness and charm}",
      journal        = "Mod. Phys. Lett.",
      volume         = "A13",
      year           = "1998",
      pages          = "2715-2724",
      doi            = "10.1142/S0217732398002886",
      eprint         = "hep-ph/9610310",
      archivePrefix  = "arXiv",
      primaryClass   = "hep-ph",
      reportNumber   = "IFUSP-P-1240, IFT-P-035-96",
      SLACcitation   = "%%CITATION = HEP-PH/9610310;%%"
}

@article{Steffens:1999hx,
      author         = "Steffens, Fernanda Monti and Melnitchouk, W. and Thomas,
                        Anthony William",
      title          = "{Charm in the nucleon}",
      journal        = "Eur. Phys. J.",
      volume         = "C11",
      year           = "1999",
      pages          = "673-683",
      doi            = "10.1007/s100529900189, 10.1007/s100520050663",
      eprint         = "hep-ph/9903441",
      archivePrefix  = "arXiv",
      primaryClass   = "hep-ph",
      reportNumber   = "ADP-99-14-T357",
      SLACcitation   = "%%CITATION = HEP-PH/9903441;%%"
}


@article{Braun:2009vc,
      author         = "Braun, V. M. and Manashov, A. N. and Rohrwild, J.",
      title          = "{Renormalization of Twist-Four Operators in QCD}",
      journal        = "Nucl. Phys.",
      volume         = "B826",
      year           = "2010",
      pages          = "235-293",
      doi            = "10.1016/j.nuclphysb.2009.10.005",
      eprint         = "0908.1684",
      archivePrefix  = "arXiv",
      primaryClass   = "hep-ph",
      SLACcitation   = "%%CITATION = ARXIV:0908.1684;%%"
}

@article{Ball:2015tna,
      author         = "Ball, Richard D. and Bertone, Valerio and Bonvini, Marco
                        and Forte, Stefano and Groth Merrild, Patrick and Rojo,
                        Juan and Rottoli, Luca",
      title          = "{Intrinsic charm in a matched general-mass scheme}",
      journal        = "Phys. Lett.",
      volume         = "B754",
      year           = "2016",
      pages          = "49-58",
      doi            = "10.1016/j.physletb.2015.12.077",
      eprint         = "1510.00009",
      archivePrefix  = "arXiv",
      primaryClass   = "hep-ph",
      reportNumber   = "EDINBURGH-2015-06, TIF-UNIMI-2015-11, OUTP-15-20P,
                        EDINBURGH-2015-14, CERN-PH-TH-2015-176, --OUTP-15-20P",
      SLACcitation   = "%%CITATION = ARXIV:1510.00009;%%"
}

@article{Ball:2015dpa,
      author         = "Ball, Richard D. and Bonvini, Marco and Rottoli, Luca",
      title          = "{Charm in Deep-Inelastic Scattering}",
      journal        = "JHEP",
      volume         = "11",
      year           = "2015",
      pages          = "122",
      doi            = "10.1007/JHEP11(2015)122",
      eprint         = "1510.02491",
      archivePrefix  = "arXiv",
      primaryClass   = "hep-ph",
      reportNumber   = "EDINBURGH-2015-06, CERN-PH-TH-2015-118, OUTP-15-25P",
      SLACcitation   = "%%CITATION = ARXIV:1510.02491;%%"
}

%Old Jet data ATLAS
@article{Aad:2011fc,
      author         = "Aad, Georges and others",
      title          = "{Measurement of inclusive jet and dijet production in
                        $pp$ collisions at $\sqrt{s}=7$ TeV using the ATLAS
                        detector}",
      collaboration  = "ATLAS",
      journal        = "Phys. Rev.",
      volume         = "D86",
      year           = "2012",
      pages          = "014022",
      doi            = "10.1103/PhysRevD.86.014022",
      eprint         = "1112.6297",
      archivePrefix  = "arXiv",
      primaryClass   = "hep-ex",
      reportNumber   = "CERN-PH-EP-2011-192",
      SLACcitation   = "%%CITATION = ARXIV:1112.6297;%%"
}
%Old CMS jet data
@article{Chatrchyan:2012bja,
      author         = "Chatrchyan, Serguei and others",
      title          = "{Measurements of differential jet cross sections in
                        proton-proton collisions at $\sqrt{s}=7$ TeV with the CMS
                        detector}",
      collaboration  = "CMS",
      journal        = "Phys. Rev.",
      volume         = "D87",
      year           = "2013",
      number         = "11",
      pages          = "112002",
      doi            = "10.1103/PhysRevD.87.112002, 10.1103/PhysRevD.87.119902",
      note           = "[Erratum: Phys. Rev.D87,no.11,119902(2013)]",
      eprint         = "1212.6660",
      archivePrefix  = "arXiv",
      primaryClass   = "hep-ex",
      reportNumber   = "CMS-QCD-11-004, CERN-PH-EP-2012-343",
      SLACcitation   = "%%CITATION = ARXIV:1212.6660;%%"
}

@article{Aad:2014xaa,
      author         = "Aad, Georges and others",
      title          = "{Measurement of the $Z/\gamma^*$ boson transverse
                        momentum distribution in $pp$ collisions at $\sqrt{s}$ = 7
                        TeV with the ATLAS detector}",
      collaboration  = "ATLAS",
      journal        = "JHEP",
      volume         = "09",
      year           = "2014",
      pages          = "145",
      doi            = "10.1007/JHEP09(2014)145",
      eprint         = "1406.3660",
      archivePrefix  = "arXiv",
      primaryClass   = "hep-ex",
      reportNumber   = "CERN-PH-EP-2014-075",
      SLACcitation   = "%%CITATION = ARXIV:1406.3660;%%"
}

@article{Khachatryan:2015oaa,
      author         = "Khachatryan, Vardan and others",
      title          = "{Measurement of the Z boson differential cross section in
                        transverse momentum and rapidity in proton–proton
                        collisions at 8 TeV}",
      collaboration  = "CMS",
      journal        = "Phys. Lett.",
      volume         = "B749",
      year           = "2015",
      pages          = "187-209",
      doi            = "10.1016/j.physletb.2015.07.065",
      eprint         = "1504.03511",
      archivePrefix  = "arXiv",
      primaryClass   = "hep-ex",
      reportNumber   = "CMS-SMP-13-013, CERN-PH-EP-2015-059",
      SLACcitation   = "%%CITATION = ARXIV:1504.03511;%%"
}

@article{Khachatryan:2016nbe,
      author         = "Khachatryan, Vardan and others",
      title          = "{Measurement of the transverse momentum spectra of weak
                        vector bosons produced in proton-proton collisions at $
                        \sqrt{s}=8 $ TeV}",
      collaboration  = "CMS",
      journal        = "JHEP",
      volume         = "02",
      year           = "2017",
      pages          = "096",
      doi            = "10.1007/JHEP02(2017)096",
      eprint         = "1606.05864",
      archivePrefix  = "arXiv",
      primaryClass   = "hep-ex",
      reportNumber   = "CMS-SMP-14-012, CERN-EP-2016-152",
      SLACcitation   = "%%CITATION = ARXIV:1606.05864;%%"
}

%NLOJet++
@article{Nagy:2003tz,
      author         = "Nagy, Zoltan",
      title          = "{Next-to-leading order calculation of three jet
                        observables in hadron hadron collision}",
      journal        = "Phys. Rev.",
      volume         = "D68",
      year           = "2003",
      pages          = "094002",
      doi            = "10.1103/PhysRevD.68.094002",
      eprint         = "hep-ph/0307268",
      archivePrefix  = "arXiv",
      primaryClass   = "hep-ph",
      SLACcitation   = "%%CITATION = HEP-PH/0307268;%%"
}

%NNLOJET
@article{Ridder:2015dxa,
      author         = "Gehrmann-De Ridder, A. and Gehrmann, T. and Glover, E. W.
                        N. and Huss, A. and Morgan, T. A.",
      title          = "{Precise QCD predictions for the production of a Z boson
                        in association with a hadronic jet}",
      journal        = "Phys. Rev. Lett.",
      volume         = "117",
      year           = "2016",
      number         = "2",
      pages          = "022001",
      doi            = "10.1103/PhysRevLett.117.022001",
      eprint         = "1507.02850",
      archivePrefix  = "arXiv",
      primaryClass   = "hep-ph",
      reportNumber   = "IPPP-15-44, ZU-TH-23-15",
      SLACcitation   = "%%CITATION = ARXIV:1507.02850;%%"
}
%NNLOJET
@article{Gehrmann-DeRidder:2017mvr,
      author         = "Gehrmann-De Ridder, A. and Gehrmann, T. and Glover, E. W.
                        N. and Huss, A. and Walker, D. M.",
      title          = "{Next-to-Next-to-Leading-Order QCD Corrections to the
                        Transverse Momentum Distribution of Weak Gauge Bosons}",
      journal        = "Phys. Rev. Lett.",
      volume         = "120",
      year           = "2018",
      number         = "12",
      pages          = "122001",
      doi            = "10.1103/PhysRevLett.120.122001",
      eprint         = "1712.07543",
      archivePrefix  = "arXiv",
      primaryClass   = "hep-ph",
      reportNumber   = "CERN-TH-2017-280, IPPP-17-109, ZU-TH-38-17",
      SLACcitation   = "%%CITATION = ARXIV:1712.07543;%%"
}
%aMCFast
@article{Bertone:2014zva,
      author         = "Bertone, Valerio and Frederix, Rikkert and Frixione,
                        Stefano and Rojo, Juan and Sutton, Mark",
      title          = "{aMCfast: automation of fast NLO computations for PDF
                        fits}",
      journal        = "JHEP",
      volume         = "08",
      year           = "2014",
      pages          = "166",
      doi            = "10.1007/JHEP08(2014)166",
      eprint         = "1406.7693",
      archivePrefix  = "arXiv",
      primaryClass   = "hep-ph",
      reportNumber   = "CERN-PH-TH-2014-009, OUTP-14-10P",
      SLACcitation   = "%%CITATION = ARXIV:1406.7693;%%"
}

%FEWZ1.0
@article{Gavin:2010az,
      author         = "Gavin, Ryan and Li, Ye and Petriello, Frank and
                        Quackenbush, Seth",
      title          = "{FEWZ 2.0: A code for hadronic Z production at
                        next-to-next-to-leading order}",
      journal        = "Comput. Phys. Commun.",
      volume         = "182",
      year           = "2011",
      pages          = "2388-2403",
      doi            = "10.1016/j.cpc.2011.06.008",
      eprint         = "1011.3540",
      archivePrefix  = "arXiv",
      primaryClass   = "hep-ph",
      reportNumber   = "ANL-HEP-PR-10-60",
      SLACcitation   = "%%CITATION = ARXIV:1011.3540;%%"
}
%FEWZ2.1
@article{Gavin:2012sy,
      author         = "Gavin, Ryan and Li, Ye and Petriello, Frank and
                        Quackenbush, Seth",
      title          = "{W Physics at the LHC with FEWZ 2.1}",
      journal        = "Comput. Phys. Commun.",
      volume         = "184",
      year           = "2013",
      pages          = "208-214",
      doi            = "10.1016/j.cpc.2012.09.005",
      eprint         = "1201.5896",
      archivePrefix  = "arXiv",
      primaryClass   = "hep-ph",
      reportNumber   = "ANL-HEP-PR-11-83, NUHEP-TH-12-01, PSI-PR-12-01",
      SLACcitation   = "%%CITATION = ARXIV:1201.5896;%%"
}
%FEWZ3
@article{Li:2012wna,
      author         = "Li, Ye and Petriello, Frank",
      title          = "{Combining QCD and electroweak corrections to dilepton
                        production in FEWZ}",
      journal        = "Phys. Rev.",
      volume         = "D86",
      year           = "2012",
      pages          = "094034",
      doi            = "10.1103/PhysRevD.86.094034",
      eprint         = "1208.5967",
      archivePrefix  = "arXiv",
      primaryClass   = "hep-ph",
      reportNumber   = "ANL-HEP-PR-12-68",
      SLACcitation   = "%%CITATION = ARXIV:1208.5967;%%"
}

%CT14IC NNLO
@article{Hou:2017khm,
      author         = "Hou, Tie-Jiun and Dulat, Sayipjamal and Gao, Jun and
                        Guzzi, Marco and Huston, Joey and Nadolsky, Pavel and
                        Schmidt, Carl and Winter, Jan and Xie, Keping and Yuan, C.
                        -P.",
      title          = "{CT14 Intrinsic Charm Parton Distribution Functions from
                        CTEQ-TEA Global Analysis}",
      journal        = "JHEP",
      volume         = "02",
      year           = "2018",
      pages          = "059",
      doi            = "10.1007/JHEP02(2018)059",
      eprint         = "1707.00657",
      archivePrefix  = "arXiv",
      primaryClass   = "hep-ph",
      reportNumber   = "MSUHEP-17-012",
      SLACcitation   = "%%CITATION = ARXIV:1707.00657;%%"
}

%MadGraph
@article{Alwall:2014hca,
      author         = "Alwall, J. and Frederix, R. and Frixione, S. and Hirschi,
                        V. and Maltoni, F. and Mattelaer, O. and Shao, H. -S. and
                        Stelzer, T. and Torrielli, P. and Zaro, M.",
      title          = "{The automated computation of tree-level and
                        next-to-leading order differential cross sections, and
                        their matching to parton shower simulations}",
      journal        = "JHEP",
      volume         = "07",
      year           = "2014",
      pages          = "079",
      doi            = "10.1007/JHEP07(2014)079",
      eprint         = "1405.0301",
      archivePrefix  = "arXiv",
      primaryClass   = "hep-ph",
      reportNumber   = "CERN-PH-TH-2014-064, CP3-14-18, LPN14-066, MCNET-14-09,
                        ZU-TH-14-14",
      SLACcitation   = "%%CITATION = ARXIV:1405.0301;%%"
}

%DYNNLO
@article{Catani:2007vq,
      author         = "Catani, Stefano and Grazzini, Massimiliano",
      title          = "{An NNLO subtraction formalism in hadron collisions and
                        its application to Higgs boson production at the LHC}",
      journal        = "Phys. Rev. Lett.",
      volume         = "98",
      year           = "2007",
      pages          = "222002",
      doi            = "10.1103/PhysRevLett.98.222002",
      eprint         = "hep-ph/0703012",
      archivePrefix  = "arXiv",
      primaryClass   = "hep-ph",
      SLACcitation   = "%%CITATION = HEP-PH/0703012;%%"
}
@article{Catani:2009sm,
      author         = "Catani, Stefano and Cieri, Leandro and Ferrera, Giancarlo
                        and de Florian, Daniel and Grazzini, Massimiliano",
      title          = "{Vector boson production at hadron colliders: a fully
                        exclusive QCD calculation at NNLO}",
      journal        = "Phys. Rev. Lett.",
      volume         = "103",
      year           = "2009",
      pages          = "082001",
      doi            = "10.1103/PhysRevLett.103.082001",
      eprint         = "0903.2120",
      archivePrefix  = "arXiv",
      primaryClass   = "hep-ph",
      SLACcitation   = "%%CITATION = ARXIV:0903.2120;%%"
}

@article{Boughezal:2016wmq,
      author         = "Boughezal, Radja and Campbell, John M. and Ellis, R.
                        Keith and Focke, Christfried and Giele, Walter and Liu,
                        Xiaohui and Petriello, Frank and Williams, Ciaran",
      title          = "{Color singlet production at NNLO in MCFM}",
      journal        = "Eur. Phys. J.",
      volume         = "C77",
      year           = "2017",
      number         = "1",
      pages          = "7",
      doi            = "10.1140/epjc/s10052-016-4558-y",
      eprint         = "1605.08011",
      archivePrefix  = "arXiv",
      primaryClass   = "hep-ph",
      reportNumber   = "FERMILAB-PUB-16-120-T, IPPP-16-32",
      SLACcitation   = "%%CITATION = ARXIV:1605.08011;%%"
}

%xFitter
@article{Alekhin:2014irh,
      author         = "Alekhin, S. and others",
      title          = "{HERAFitter}",
      journal        = "Eur. Phys. J.",
      volume         = "C75",
      year           = "2015",
      number         = "7",
      pages          = "304",
      doi            = "10.1140/epjc/s10052-015-3480-z",
      eprint         = "1410.4412",
      archivePrefix  = "arXiv",
      primaryClass   = "hep-ph",
      reportNumber   = "DESY-14-188, DESY-REPORT-14-188, FERMILAB-PUB-14-603-CMS",
      SLACcitation   = "%%CITATION = ARXIV:1410.4412;%%"
}

@misc{James:2004xla,
	author         = "James, Fred and Winkler, Matthias",
    howpublished   = "\url{http://seal.web.cern.ch/seal/documents/minuit/mnusersguide.pdf}",
	year           = "2004",
	SLACcitation   = "%%CITATION = INSPIRE-1258345;%%"

}



@article{Khachatryan:2016kdb,
	author         = "Khachatryan, Vardan and others",
	title          = "{Jet energy scale and resolution in the CMS experiment in
	pp collisions at 8 TeV}",
	collaboration  = "CMS",
	journal        = "JINST",
	volume         = "12",
	year           = "2017",
	number         = "02",
	pages          = "P02014",
	doi            = "10.1088/1748-0221/12/02/P02014",
	eprint         = "1607.03663",
	archivePrefix  = "arXiv",
	primaryClass   = "hep-ex",
	reportNumber   = "CMS-JME-13-004, CERN-PH-EP-2015-305",
	SLACcitation   = "%%CITATION = ARXIV:1607.03663;%%"
}

@misc{Bogdan,
	author = "Malaescu, B.",
	note = {private communication (2018)},
}

@misc{Voutilainen,
	author = "Voutilainen, M.",
	note = {private communication (2018)},
}
@article{Gauld:2017tww,
	author         = "Gauld, R. and Gehrmann-De Ridder, A. and Gehrmann, T. and
	Glover, E. W. N. and Huss, A.",
	title          = "{Precise predictions for the angular coefficients in
	Z-boson production at the LHC}",
	journal        = "JHEP",
	volume         = "11",
	year           = "2017",
	pages          = "003",
	doi            = "10.1007/JHEP11(2017)003",
	eprint         = "1708.00008",
	archivePrefix  = "arXiv",
	primaryClass   = "hep-ph",
	reportNumber   = "IPPP-17-58, ZU-TH-21-17",
	SLACcitation   = "%%CITATION = ARXIV:1708.00008;%%"
}

%CJ15
@article{Accardi:2016qay,
	author         = "Accardi, A. and Brady, L. T. and Melnitchouk, W. and
	Owens, J. F. and Sato, N.",
	title          = "{Constraints on large-$x$ parton distributions from new
	weak boson production and deep-inelastic scattering data}",
	journal        = "Phys. Rev.",
	volume         = "D93",
	year           = "2016",
	number         = "11",
	pages          = "114017",
	doi            = "10.1103/PhysRevD.93.114017",
	eprint         = "1602.03154",
	archivePrefix  = "arXiv",
	primaryClass   = "hep-ph",
	reportNumber   = "JLAB-THY-16-2215",
	SLACcitation   = "%%CITATION = ARXIV:1602.03154;%%"
}

@article{Lai:2007dq,
      author         = "Lai, H.-L. and Nadolsky, Pavel M. and Pumplin, J. and
                        Stump, D. and Tung, W.-K. and Yuan, C. -P.",
      title          = "{The Strange parton distribution of the nucleon: Global
                        analysis and applications}",
      journal        = "JHEP",
      volume         = "04",
      year           = "2007",
      pages          = "089",
      doi            = "10.1088/1126-6708/2007/04/089",
      eprint         = "hep-ph/0702268",
      archivePrefix  = "arXiv",
      primaryClass   = "hep-ph",
      reportNumber   = "ANL-HEP-PR-07-14, MSU-HEP-07012",
      SLACcitation   = "%%CITATION = HEP-PH/0702268;%%"
}

@article{Olness:2003wz,
      author         = "Olness, F. and Pumplin, J. and Stump, D. and Huston, J.
                        and Nadolsky, Pavel M. and Lai, H.-L. and Kretzer, S. and
                        Owens, J. F. and Tung, W.-K.",
      title          = "{Neutrino dimuon production and the strangeness asymmetry
                        of the nucleon}",
      journal        = "Eur. Phys. J.",
      volume         = "C40",
      year           = "2005",
      pages          = "145-156",
      doi            = "10.1140/epjc/s2004-02099-4",
      eprint         = "hep-ph/0312323",
      archivePrefix  = "arXiv",
      primaryClass   = "hep-ph",
      reportNumber   = "MSU-HEP-030701, BNL-NT-03-17, RBRC-329",
      SLACcitation   = "%%CITATION = HEP-PH/0312323;%%"
}

@Misc{Bellm:2019yyh,
      author         = "Bellm, Johannes and others",
      year           = "2019",
      eprint         = "1903.12563",
      archivePrefix  = "arXiv",
      primaryClass   = "hep-ph",
      reportNumber   = "FERMILAB-PUB-19-100-T, CERN-TH-2019-038, SLAC-PUB-17411,

                         UWTHPH-2019-9, LAPTH-019/19, CFTP/19-006, ZU-TH 16/19,
                        LU-TP-19-10,
  MCnet-19-06, IPPP/19/22",
      SLACcitation   = "%%CITATION = ARXIV:1903.12563;%%"

}

@article{Currie:2018xkj,
      author         = "Currie, James and Gehrmann-De Ridder, Aude and Gehrmann,
                        Thomas and Glover, E. W. Nigel and Huss, Alexander and
                        Pires, João",
      title          = "{Infrared sensitivity of single jet inclusive production
                        at hadron colliders}",
      journal        = "JHEP",
      volume         = "10",
      year           = "2018",
      pages          = "155",
      doi            = "10.1007/JHEP10(2018)155",
      eprint         = "1807.03692",
      archivePrefix  = "arXiv",
      primaryClass   = "hep-ph",
      reportNumber   = "IPPP-18-38, ZU-TH-24-18, CFTP-18-010, IPPP/18/38, ZU-TH
                        24/18, CFTP/18-010, CERN-TH-2018-159",
      SLACcitation   = "%%CITATION = ARXIV:1807.03692;%%"
}

@article{Dittmaier:2012kx,
      author         = "Dittmaier, Stefan and Huss, Alexander and Speckner,
                        Christian",
      title          = "{Weak radiative corrections to dijet production at hadron
                        colliders}",
      journal        = "JHEP",
      volume         = "11",
      year           = "2012",
      pages          = "095",
      doi            = "10.1007/JHEP11(2012)095",
      eprint         = "1210.0438",
      archivePrefix  = "arXiv",
      primaryClass   = "hep-ph",
      reportNumber   = "FR-PHENO-2012-024",
      SLACcitation   = "%%CITATION = ARXIV:1210.0438;%%"
}


@article{Hahn:2004fe,
      author         = "Hahn, T.",
      title          = "{CUBA: A Library for multidimensional numerical
                        integration}",
      journal        = "Comput. Phys. Commun.",
      volume         = "168",
      year           = "2005",
      pages          = "78-95",
      doi            = "10.1016/j.cpc.2005.01.010",
      eprint         = "hep-ph/0404043",
      archivePrefix  = "arXiv",
      primaryClass   = "hep-ph",
      reportNumber   = "MPP-2004-40",
      SLACcitation   = "%%CITATION = HEP-PH/0404043;%%"
}

@article{Amaudruz:1991at,
      author         = "Amaudruz, P. and others",
      title          = "{The Gottfried sum from the ratio F2(n) / F2(p)}",
      collaboration  = "New Muon",
      journal        = "Phys. Rev. Lett.",
      volume         = "66",
      year           = "1991",
      pages          = "2712-2715",
      doi            = "10.1103/PhysRevLett.66.2712",
      reportNumber   = "CERN-PPE-91-05",
      SLACcitation   = "%%CITATION = PRLTA,66,2712;%%"
}

@article{Arneodo:1994sh,
      author         = "Arneodo, M. and others",
      title          = "{A Reevaluation of the Gottfried sum}",
      collaboration  = "New Muon",
      journal        = "Phys. Rev.",
      volume         = "D50",
      year           = "1994",
      pages          = "R1-R3",
      doi            = "10.1103/PhysRevD.50.R1",
      reportNumber   = "CERN-PPE-94-32, CERN-PPE-94-032, CERN-PPE-93-117",
      SLACcitation   = "%%CITATION = PHRVA,D50,R1;%%"
}

@misc{Liang:2019xdx,
      author         = "Liang, Jian and Sun, Mingyang and Yang, Yi-Bo and Draper,
                        Terrence and Liu, Keh-Fei",
      year           = "2019",
      eprint         = "1901.07526",
      archivePrefix  = "arXiv",
      primaryClass   = "hep-ph",
      SLACcitation   = "%%CITATION = ARXIV:1901.07526;%%"
}

@Misc{Hobbs:2019gob,
      author         = "Hobbs, T. J. and Wang, Bo-Ting and Nadolsky, Pavel M. and
                        Olness, Fredrick I.",
      year           = "2019",
      eprint         = "1904.00022",
      archivePrefix  = "arXiv",
      primaryClass   = "hep-ph",
      reportNumber   = "SMU-HEP-19-02",
      SLACcitation   = "%%CITATION = ARXIV:1904.00022;%%"
}

@article{Lin:2017snn,
      author         = "Lin, Huey-Wen and others",
      title          = "{Parton distributions and lattice QCD calculations: a
                        community white paper}",
      journal        = "Prog. Part. Nucl. Phys.",
      volume         = "100",
      year           = "2018",
      pages          = "107-160",
      doi            = "10.1016/j.ppnp.2018.01.007",
      eprint         = "1711.07916",
      archivePrefix  = "arXiv",
      primaryClass   = "hep-ph",
      reportNumber   = "DESY-17-185, IFJPAN-IV-2017-19, INT-PUB-17-042,
                        JLAB-THY-17-2604, MSUHEP-17-017, OUTP-17-15P,
                        SMU-HEP-17-08, NIKHEF-2017-047",
      SLACcitation   = "%%CITATION = ARXIV:1711.07916;%%"
}

@article{Alexandrou:2017oeh,
      author         = "Alexandrou, C. and Constantinou, M. and Hadjiyiannakou,
                        K. and Jansen, K. and Kallidonis, C. and Koutsou, G. and
                        Vaquero Avilés-Casco, A. and Wiese, C.",
      title          = "{Nucleon Spin and Momentum Decomposition Using Lattice
                        QCD Simulations}",
      journal        = "Phys. Rev. Lett.",
      volume         = "119",
      year           = "2017",
      number         = "14",
      pages          = "142002",
      doi            = "10.1103/PhysRevLett.119.142002",
      eprint         = "1706.02973",
      archivePrefix  = "arXiv",
      primaryClass   = "hep-lat",
      reportNumber   = "DESY-17-086",
      SLACcitation   = "%%CITATION = ARXIV:1706.02973;%%"
}

@article{Green:2012ud,
      author         = "Green, J. R. and Engelhardt, M. and Krieg, S. and Negele,
                        J. W. and Pochinsky, A. V. and Syritsyn, S. N.",
      title          = "{Nucleon Structure from Lattice QCD Using a Nearly
                        Physical Pion Mass}",
      journal        = "Phys. Lett.",
      volume         = "B734",
      year           = "2014",
      pages          = "290-295",
      doi            = "10.1016/j.physletb.2014.05.075",
      eprint         = "1209.1687",
      archivePrefix  = "arXiv",
      primaryClass   = "hep-lat",
      reportNumber   = "MIT-CTP-4399, NT-LBL-12-015, UCB-NPAT-12-013, WUB-12-18",
      SLACcitation   = "%%CITATION = ARXIV:1209.1687;%%"
}

@article{Bali:2014gha,
      author         = "Bali, Gunnar S. and Collins, Sara and Gläßle, Benjamin
                        and Göckeler, Meinulf and Najjar, Johannes and Rödl,
                        Rudolf H. and Schäfer, Andreas and Schiel, Rainer W. and
                        Sternbeck, André and Söldner, Wolfgang",
      title          = "{The moment $\langle x\rangle_{u-d}$ of the nucleon from
                        $N_f=2$ lattice QCD down to nearly physical quark masses}",
      journal        = "Phys. Rev.",
      volume         = "D90",
      year           = "2014",
      number         = "7",
      pages          = "074510",
      doi            = "10.1103/PhysRevD.90.074510",
      eprint         = "1408.6850",
      archivePrefix  = "arXiv",
      primaryClass   = "hep-lat",
      SLACcitation   = "%%CITATION = ARXIV:1408.6850;%%"
}

@article{Gockeler:2004wp,
      author         = "Gockeler, M. and Horsley, R. and Pleiter, D. and Rakow,
                        Paul E. L. and Schierholz, G.",
      title          = "{A Lattice determination of moments of unpolarised
                        nucleon structure functions using improved Wilson
                        fermions}",
      collaboration  = "QCDSF",
      journal        = "Phys. Rev.",
      volume         = "D71",
      year           = "2005",
      pages          = "114511",
      doi            = "10.1103/PhysRevD.71.114511",
      eprint         = "hep-ph/0410187",
      archivePrefix  = "arXiv",
      primaryClass   = "hep-ph",
      reportNumber   = "DESY-04-194, EDINBURGH-2004-24, LTH-638, LU-ITP-2004-039",
      SLACcitation   = "%%CITATION = HEP-PH/0410187;%%"
}

@article{Dolgov:2002zm,
      author         = "Dolgov, D. and others",
      title          = "{Moments of nucleon light cone quark distributions
                        calculated in full lattice QCD}",
      collaboration  = "LHPC, TXL",
      journal        = "Phys. Rev.",
      volume         = "D66",
      year           = "2002",
      pages          = "034506",
      doi            = "10.1103/PhysRevD.66.034506",
      eprint         = "hep-lat/0201021",
      archivePrefix  = "arXiv",
      primaryClass   = "hep-lat",
      reportNumber   = "MIT-CTP-3219, JLAB-THY-02-06",
      SLACcitation   = "%%CITATION = HEP-LAT/0201021;%%"
}

@article{Deka:2008xr,
      author         = "Deka, M. and Streuer, T. and Doi, T. and Dong, S. J. and
                        Draper, T. and Liu, K. F. and Mathur, N. and Thomas, A.
                        W.",
      title          = "{Moments of Nucleon's Parton Distribution for the Sea and
                        Valence Quarks from Lattice QCD}",
      journal        = "Phys. Rev.",
      volume         = "D79",
      year           = "2009",
      pages          = "094502",
      doi            = "10.1103/PhysRevD.79.094502",
      eprint         = "0811.1779",
      archivePrefix  = "arXiv",
      primaryClass   = "hep-ph",
      reportNumber   = "UK-11-08, JLAB-THY-08-932",
      SLACcitation   = "%%CITATION = ARXIV:0811.1779;%%"
}

@article{Gockeler:1995wg,
      author         = "Gockeler, M. and Horsley, R. and Ilgenfritz,
                        Ernst-Michael and Perlt, H. and Rakow, Paul E. L. and
                        Schierholz, G. and Schiller, A.",
      title          = "{Polarized and unpolarized nucleon structure functions
                        from lattice QCD}",
      journal        = "Phys. Rev.",
      volume         = "D53",
      year           = "1996",
      pages          = "2317-2325",
      doi            = "10.1103/PhysRevD.53.2317",
      eprint         = "hep-lat/9508004",
      archivePrefix  = "arXiv",
      primaryClass   = "hep-lat",
      reportNumber   = "DESY-95-128, HLRZ-95-36, HUB-EP-95-9",
      SLACcitation   = "%%CITATION = HEP-LAT/9508004;%%"
}

@article{Aaron:2009aa,
      author         = "Aaron, F. D. and others",
      title          = "{Combined Measurement and QCD Analysis of the Inclusive
                        e+- p Scattering Cross Sections at HERA}",
      collaboration  = "H1, ZEUS",
      journal        = "JHEP",
      volume         = "01",
      year           = "2010",
      pages          = "109",
      doi            = "10.1007/JHEP01(2010)109",
      eprint         = "0911.0884",
      archivePrefix  = "arXiv",
      primaryClass   = "hep-ex",
      reportNumber   = "DESY-09-158",
      SLACcitation   = "%%CITATION = ARXIV:0911.0884;%%"
}

@article{Ball:2017otu,
      author         = "Ball, Richard D. and Bertone, Valerio and Bonvini, Marco
                        and Marzani, Simone and Rojo, Juan and Rottoli, Luca",
      title          = "{Parton distributions with small-x resummation: evidence
                        for BFKL dynamics in HERA data}",
      journal        = "Eur. Phys. J.",
      volume         = "C78",
      year           = "2018",
      number         = "4",
      pages          = "321",
      doi            = "10.1140/epjc/s10052-018-5774-4",
      eprint         = "1710.05935",
      archivePrefix  = "arXiv",
      primaryClass   = "hep-ph",
      reportNumber   = "EDINBURGH-2017-15, NIKHEF-2017-027, OUTP-17-12P",
      SLACcitation   = "%%CITATION = ARXIV:1710.05935;%%"
}

@article{Abdolmaleki:2018jln,
      author         = "Abdolmaleki, Hamed and others",
      title          = "{Impact of low-$x$ resummation on QCD analysis of HERA
                        data}",
      collaboration  = "xFitter Developers' Team",
      journal        = "Eur. Phys. J.",
      volume         = "C78",
      year           = "2018",
      number         = "8",
      pages          = "621",
      doi            = "10.1140/epjc/s10052-018-6090-8",
      eprint         = "1802.00064",
      archivePrefix  = "arXiv",
      primaryClass   = "hep-ph",
      reportNumber   = "DESY-18-017",
      SLACcitation   = "%%CITATION = ARXIV:1802.00064;%%"
}

@article{Caola:2009iy,
      author         = "Caola, Fabrizio and Forte, Stefano and Rojo, Juan",
      title          = "{Deviations from NLO QCD evolution in inclusive HERA
                        data}",
      journal        = "Phys. Lett.",
      volume         = "B686",
      year           = "2010",
      pages          = "127-135",
      doi            = "10.1016/j.physletb.2010.02.043",
      eprint         = "0910.3143",
      archivePrefix  = "arXiv",
      primaryClass   = "hep-ph",
      reportNumber   = "IFUM-948-FT",
      SLACcitation   = "%%CITATION = ARXIV:0910.3143;%%"
}

@Misc{Kovarik:2019xvh,
      author         = "Kovařík, Karol and Nadolsky, Pavel M. and Soper,
                        Davison E.",
      year           = "2019",
      eprint         = "1905.06957",
      archivePrefix  = "arXiv",
      primaryClass   = "hep-ph",
      reportNumber   = "MS-TP-19-09, SMU-HEP-19-05",
      SLACcitation   = "%%CITATION = ARXIV:1905.06957;%%"
}

@article{Rojo:2015acz,
      author         = "Rojo, Juan and others",
      title          = "{The PDF4LHC report on PDFs and LHC data: Results from
                        Run I and preparation for Run II}",
      journal        = "J. Phys.",
      volume         = "G42",
      year           = "2015",
      pages          = "103103",
      doi            = "10.1088/0954-3899/42/10/103103",
      eprint         = "1507.00556",
      archivePrefix  = "arXiv",
      primaryClass   = "hep-ph",
      reportNumber   = "OUTP-15-11P, LCTS-2015-14, GLAS-PPE-2015-01, DESY-15-088,
                        CERN-PH-TH-2015-150, JLAB-THY-15-2064",
      SLACcitation   = "%%CITATION = ARXIV:1507.00556;%%"
}

@inproceedings{Kluge:2006xs,
      author         = "Kluge, T. and Rabbertz, K. and Wobisch, M.",
      title          = "{FastNLO: Fast pQCD calculations for PDF fits}",
      url            = "http://lss.fnal.gov/cgi-bin/find_paper.pl?conf-06-352",
      year           = "2006",
      pages          = "483-486",
      doi            = "10.1142/9789812706706_0110",
      eprint         = "hep-ph/0609285",
      archivePrefix  = "arXiv",
      primaryClass   = "hep-ph",
      reportNumber   = "DESY-06-186, FERMILAB-CONF-06-352-E",
      SLACcitation   = "%%CITATION = HEP-PH/0609285;%%"
}

@article{Gottschalk:1980rv,
      author         = "Gottschalk, Thomas",
      title          = "{Chromodynamic Corrections to Neutrino Production of
                        Heavy Quarks}",
      journal        = "Phys. Rev.",
      volume         = "D23",
      year           = "1981",
      pages          = "56",
      doi            = "10.1103/PhysRevD.23.56",
      reportNumber   = "ANL-HEP-PR-80-35",
      SLACcitation   = "%%CITATION = PHRVA,D23,56;%%"
}

@article{Gluck:1997sj,
      author         = "Gluck, M. and Kretzer, S. and Reya, E.",
      title          = "{Detailed next-to-leading order analysis of deep
                        inelastic neutrino induced charm production off strange
                        sea partons}",
      journal        = "Phys. Lett.",
      volume         = "B398",
      year           = "1997",
      pages          = "381-386",
      doi            = "10.1016/S0370-2693(97)90016-2,
                        10.1016/S0370-2693(97)00232-3",
      note           = "[Erratum: Phys. Lett.B405,392(1997)]",
      eprint         = "hep-ph/9701364",
      archivePrefix  = "arXiv",
      primaryClass   = "hep-ph",
      reportNumber   = "DO-TH-97-01",
      SLACcitation   = "%%CITATION = HEP-PH/9701364;%%"
}

@article{Blumlein:2011zu,
      author         = "Blumlein, J. and Hasselhuhn, A. and Kovacikova, P. and
                        Moch, S.",
      title          = "{$O(\alpha_s)$ Heavy Flavor Corrections to Charged
                        Current Deep-Inelastic Scattering in Mellin Space}",
      journal        = "Phys. Lett.",
      volume         = "B700",
      year           = "2011",
      pages          = "294-304",
      doi            = "10.1016/j.physletb.2011.05.007",
      eprint         = "1104.3449",
      archivePrefix  = "arXiv",
      primaryClass   = "hep-ph",
      reportNumber   = "DESY-11-032, DO-TH-11-06, SFB-CPP-11-19, LPN-11-19,
                        DESY-11--032, DO--TH-11-06, SFB-CPP-11--19, LPN-11--19",
      SLACcitation   = "%%CITATION = ARXIV:1104.3449;%%"
}

@article{Berger:2016inr,
      author         = "Berger, Edmond L. and Gao, Jun and Li, Chong Sheng and
                        Liu, Ze Long and Zhu, Hua Xing",
      title          = "{Charm-Quark Production in Deep-Inelastic Neutrino
                        Scattering at Next-to-Next-to-Leading Order in QCD}",
      journal        = "Phys. Rev. Lett.",
      volume         = "116",
      year           = "2016",
      number         = "21",
      pages          = "212002",
      doi            = "10.1103/PhysRevLett.116.212002",
      eprint         = "1601.05430",
      archivePrefix  = "arXiv",
      primaryClass   = "hep-ph",
      SLACcitation   = "%%CITATION = ARXIV:1601.05430;%%"
}

@article{Gao:2017kkx,
      author         = "Gao, Jun",
      title          = "{Massive charged-current coefficient functions in
                        deep-inelastic scattering at NNLO and impact on
                        strange-quark distributions}",
      journal        = "JHEP",
      volume         = "02",
      year           = "2018",
      pages          = "026",
      doi            = "10.1007/JHEP02(2018)026",
      eprint         = "1710.04258",
      archivePrefix  = "arXiv",
      primaryClass   = "hep-ph",
      SLACcitation   = "%%CITATION = ARXIV:1710.04258;%%"
}

@article{Stump:2001gu,
      author         = "Stump, D. and Pumplin, J. and Brock, R. and Casey, D. and
                        Huston, J. and Kalk, J. and Lai, H.-L. and Tung, W.-K.",
      title          = "{Uncertainties of predictions from parton distribution
                        functions. 1. The Lagrange multiplier method}",
      journal        = "Phys. Rev.",
      volume         = "D65",
      year           = "2001",
      pages          = "014012",
      doi            = "10.1103/PhysRevD.65.014012",
      eprint         = "hep-ph/0101051",
      archivePrefix  = "arXiv",
      primaryClass   = "hep-ph",
      reportNumber   = "MSU-HEP-07102, CERN-TH-2000-359",
      SLACcitation   = "%%CITATION = HEP-PH/0101051;%%"
}

@article{Czakon:2013goa,
      author         = "Czakon, Michał and Fiedler, Paul and Mitov, Alexander",
      title          = "{Total Top-Quark Pair-Production Cross Section at Hadron
                        Colliders Through $O(α\frac{4}{S})$}",
      journal        = "Phys. Rev. Lett.",
      volume         = "110",
      year           = "2013",
      pages          = "252004",
      doi            = "10.1103/PhysRevLett.110.252004",
      eprint         = "1303.6254",
      archivePrefix  = "arXiv",
      primaryClass   = "hep-ph",
      reportNumber   = "CERN-PH-TH-2013-056, TTK-13-08",
      SLACcitation   = "%%CITATION = ARXIV:1303.6254;%%"
}

@article{Anastasiou:2011pi,
      author         = "Anastasiou, Charalampos and Buehler, Stephan and Herzog,
                        Franz and Lazopoulos, Achilleas",
      title          = "{Total cross-section for Higgs boson hadroproduction with
                        anomalous Standard Model interactions}",
      journal        = "JHEP",
      volume         = "12",
      year           = "2011",
      pages          = "058",
      doi            = "10.1007/JHEP12(2011)058",
      eprint         = "1107.0683",
      archivePrefix  = "arXiv",
      primaryClass   = "hep-ph",
      SLACcitation   = "%%CITATION = ARXIV:1107.0683;%%"
}

@article{Top++,
      author         = "Czakon, Michal and Mitov, Alexander",
      title          = "{Top++: A Program for the Calculation of the Top-Pair
                        Cross-Section at Hadron Colliders}",
      journal        = "Comput. Phys. Commun.",
      volume         = "185",
      year           = "2014",
      pages          = "2930",
      doi            = "10.1016/j.cpc.2014.06.021",
      eprint         = "1112.5675",
      archivePrefix  = "arXiv",
      primaryClass   = "hep-ph",
      reportNumber   = "CERN-PH-TH-2011-303, TTK-11-58",
      SLACcitation   = "%%CITATION = ARXIV:1112.5675;%%"
}

@article{chi2,
      author         = "Aaron, F. D. and others",
      title          = "{Inclusive Deep Inelastic Scattering at High $Q^2$ with
                        Longitudinally Polarised Lepton Beams at HERA}",
      collaboration  = "H1",
      journal        = "JHEP",
      volume         = "09",
      year           = "2012",
      pages          = "061",
      doi            = "10.1007/JHEP09(2012)061",
      eprint         = "1206.7007",
      archivePrefix  = "arXiv",
      primaryClass   = "hep-ex",
      reportNumber   = "DESY-12-107",
      SLACcitation   = "%%CITATION = ARXIV:1206.7007;%%"
}
@article{CT10NNLO,
      author         = "Gao, Jun and Guzzi, Marco and Huston, Joey and Lai,
                        Hung-Liang and Li, Zhao and Nadolsky, Pavel and Pumplin,
                        Jon and Stump, Daniel and Yuan, C. -P.",
      title          = "{CT10 next-to-next-to-leading order global analysis of
                        QCD}",
      journal        = "Phys. Rev.",
      volume         = "D89",
      year           = "2014",
      number         = "3",
      pages          = "033009",
      doi            = "10.1103/PhysRevD.89.033009",
      eprint         = "1302.6246",
      archivePrefix  = "arXiv",
      primaryClass   = "hep-ph",
      reportNumber   = "SMU-HEP-12-23",
      SLACcitation   = "%%CITATION = ARXIV:1302.6246;%%"
}

@MISC{xFmanual,
author={xFitter developers},
month={March},
year={2017},
howpublished={\url{https://www.xfitter.org/xFitter/xFitter/DownloadPage?action=AttachFile&do=view&target=manual.pdf}}

}

@MISC{xFtutorial,
author ={Stefano Camarda},
title= "{xFitter Tutorial}",
month= {July},
year={2016},
howpublished={\url{http://www.physics.smu.edu/olness/ftp/misc2/cteq/2016/lectures2016/XFITTER/Camarda.pdf}}
}
@MISC{RT@PDF4LHC2017,
author = {Robert Thorne},
title = "{MMHT2014 PDFs - new LHC data}",
month = {March},
year = {2016},
howpublished={\url{https://indico.cern.ch/event/587209/contributions/2491015/attachments/1423453/2182500/PDF4LHCMar17.pdf}}
}
@article{NNPDF3.1,
      author         = "Ball, Richard D. and others",
      title          = "{Parton distributions from high-precision collider data}",
      collaboration  = "NNPDF",
      journal        = "Eur. Phys. J.",
      volume         = "C77",
      year           = "2017",
      number         = "10",
      pages          = "663",
      doi            = "10.1140/epjc/s10052-017-5199-5",
      eprint         = "1706.00428",
      archivePrefix  = "arXiv",
      primaryClass   = "hep-ph",
      reportNumber   = "CAVENDISH-HEP-17-06, CERN-TH-2017-077, EDINBURGH-2017-08,
                        NIKHEF-2017-006, OUTP-17-04P, TIF-UNIMI-2017-3",
      SLACcitation   = "%%CITATION = ARXIV:1706.00428;%%"
}


@article{ATLAS8DY,
      author         = "Aad, Georges and others",
      title          = "{Measurement of the double-differential high-mass
                        Drell-Yan cross section in pp collisions at $ \sqrt{s}=8 $
                        TeV with the ATLAS detector}",
      collaboration  = "ATLAS",
      journal        = "JHEP",
      volume         = "08",
      year           = "2016",
      pages          = "009",
      doi            = "10.1007/JHEP08(2016)009",
      eprint         = "1606.01736",
      archivePrefix  = "arXiv",
      primaryClass   = "hep-ex",
      reportNumber   = "CERN-EP-2016-079",
      SLACcitation   = "%%CITATION = ARXIV:1606.01736;%%"
}
@article{CMS8W,
      author         = "Khachatryan, Vardan and others",
      title          = "{Measurement of the differential cross section and charge
                        asymmetry for inclusive $\mathrm {p}\mathrm {p}\rightarrow
                        \mathrm {W}^{\pm }+X$ production at ${\sqrt{s}} = 8$ TeV}",
      collaboration  = "CMS",
      journal        = "Eur. Phys. J.",
      volume         = "C76",
      year           = "2016",
      number         = "8",
      pages          = "469",
      doi            = "10.1140/epjc/s10052-016-4293-4",
      eprint         = "1603.01803",
      archivePrefix  = "arXiv",
      primaryClass   = "hep-ex",
      reportNumber   = "CMS-SMP-14-022, CERN-EP-2016-043",
      SLACcitation   = "%%CITATION = ARXIV:1603.01803;%%"
}
@article{LHCb8WZ,
      author         = "Aaij, Roel and others",
      title          = "{Measurement of forward W and Z boson production in $pp$
                        collisions at $ \sqrt{s}=8 $ TeV}",
      collaboration  = "LHCb",
      journal        = "JHEP",
      volume         = "01",
      year           = "2016",
      pages          = "155",
      doi            = "10.1007/JHEP01(2016)155",
      eprint         = "1511.08039",
      archivePrefix  = "arXiv",
      primaryClass   = "hep-ex",
      reportNumber   = "LHCB-PAPER-2015-049, CERN-PH-EP-2015-301",
      SLACcitation   = "%%CITATION = ARXIV:1511.08039;%%"
}
@article{ATLAS8ZpT,
      author         = "Aad, Georges and others",
      title          = "{Measurement of the transverse momentum and $\phi
                        ^*_{\eta }$ distributions of Drell-Yan lepton pairs in
                        proton-proton collisions at $\sqrt{s}=8$  TeV with the
                        ATLAS detector}",
      collaboration  = "ATLAS",
      journal        = "Eur. Phys. J.",
      volume         = "C76",
      year           = "2016",
      number         = "5",
      pages          = "291",
      doi            = "10.1140/epjc/s10052-016-4070-4",
      eprint         = "1512.02192",
      archivePrefix  = "arXiv",
      primaryClass   = "hep-ex",
      reportNumber   = "CERN-PH-EP-2015-275",
      SLACcitation   = "%%CITATION = ARXIV:1512.02192;%%"
}
@article{CMS8WZpT,
      author         = "Khachatryan, Vardan and others",
      title          = "{Measurement of the transverse momentum spectra of weak
                        vector bosons produced in proton-proton collisions at
                        $\sqrt{s}$ = 8 TeV}",
      collaboration  = "CMS",
      journal        = "Submitted to: JHEP",
      year           = "2016",
      eprint         = "1606.05864",
      archivePrefix  = "arXiv",
      primaryClass   = "hep-ex",
      reportNumber   = "CMS-SMP-14-012, CERN-EP-2016-152",
      SLACcitation   = "%%CITATION = ARXIV:1606.05864;%%"
}

@article{LHCb8Z,
      author         = "Aaij, Roel and others",
      title          = "{Measurement of forward $\rm Z\rightarrow e^+e^-$
                        production at $\sqrt{s}=8$ TeV}",
      collaboration  = "LHCb",
      journal        = "JHEP",
      volume         = "05",
      year           = "2015",
      pages          = "109",
      doi            = "10.1007/JHEP05(2015)109",
      eprint         = "1503.00963",
      archivePrefix  = "arXiv",
      primaryClass   = "hep-ex",
      reportNumber   = "CERN-PH-EP-2015-045, LHCB-PAPER-2015-003,
                        CERN-PH-EP-2015-045-LHCB-PAPER-2015-003",
      SLACcitation   = "%%CITATION = ARXIV:1503.00963;%%"
}
@article{LHCb7Z,
      author         = "Aaij, Roel and others",
      title          = "{Measurement of the forward $Z$ boson production
                        cross-section in $pp$ collisions at $\sqrt{s}=7$ TeV}",
      collaboration  = "LHCb",
      journal        = "JHEP",
      volume         = "08",
      year           = "2015",
      pages          = "039",
      doi            = "10.1007/JHEP08(2015)039",
      eprint         = "1505.07024",
      archivePrefix  = "arXiv",
      primaryClass   = "hep-ex",
      reportNumber   = "LHCB-PAPER-2015-001, CERN-PH-EP-2015-102",
      SLACcitation   = "%%CITATION = ARXIV:1505.07024;%%"
}
@article{LHCb7W,
      author         = "Aaij, Roel and others",
      title          = "{Measurement of the forward $W$ boson cross-section in
                        $pp$ collisions at $\sqrt{s} = 7 {\rm \, TeV}$}",
      collaboration  = "LHCb",
      journal        = "JHEP",
      volume         = "12",
      year           = "2014",
      pages          = "079",
      doi            = "10.1007/JHEP12(2014)079",
      eprint         = "1408.4354",
      archivePrefix  = "arXiv",
      primaryClass   = "hep-ex",
      reportNumber   = "LHCB-PAPER-2014-033, CERN-PH-EP-2014-175",
      SLACcitation   = "%%CITATION = ARXIV:1408.4354;%%"
}
@article{MCFM8,
      author         = "Campbell, John M. and Ellis, R. Keith and Giele, Walter
                        T.",
      title          = "{A Multi-Threaded Version of MCFM}",
      journal        = "Eur. Phys. J.",
      volume         = "C75",
      year           = "2015",
      number         = "6",
      pages          = "246",
      doi            = "10.1140/epjc/s10052-015-3461-2",
      eprint         = "1503.06182",
      archivePrefix  = "arXiv",
      primaryClass   = "physics.comp-ph",
      reportNumber   = "FERMILAB-PUB-15-043-T",
      SLACcitation   = "%%CITATION = ARXIV:1503.06182;%%"
}
@article{MCFM6,
      author         = "Campbell, John M. and Ellis, R. Keith and Williams,
                        Ciaran",
      title          = "{Vector boson pair production at the LHC}",
      journal        = "JHEP",
      volume         = "07",
      year           = "2011",
      pages          = "018",
      doi            = "10.1007/JHEP07(2011)018",
      eprint         = "1105.0020",
      archivePrefix  = "arXiv",
      primaryClass   = "hep-ph",
      reportNumber   = "FERMILAB-PUB-11-182-T",
      SLACcitation   = "%%CITATION = ARXIV:1105.0020;%%"
}
@article{FEWZ3,
      author         = "Li, Ye and Petriello, Frank",
      title          = "{Combining QCD and electroweak corrections to dilepton
                        production in FEWZ}",
      journal        = "Phys. Rev.",
      volume         = "D86",
      year           = "2012",
      pages          = "094034",
      doi            = "10.1103/PhysRevD.86.094034",
      eprint         = "1208.5967",
      archivePrefix  = "arXiv",
      primaryClass   = "hep-ph",
      reportNumber   = "ANL-HEP-PR-12-68",
      SLACcitation   = "%%CITATION = ARXIV:1208.5967;%%"
}
@article{MG5,
      author         = "Degrande, Celine and Fuks, Benjamin and Hirschi, Valentin
                        and Proudom, Josselin and Shao, Hua-Sheng",
      title          = "{Matching next-to-leading order predictions to parton
                        showers in supersymmetric QCD}",
      journal        = "Phys. Lett.",
      volume         = "B755",
      year           = "2016",
      pages          = "82-87",
      doi            = "10.1016/j.physletb.2016.01.067",
      eprint         = "1510.00391",
      archivePrefix  = "arXiv",
      primaryClass   = "hep-ph",
      reportNumber   = "CERN-PH-TH-2015-224, DCPT-15-118, IPPP-15-59,
                        LPSC-15-267, MCNET-15-27, SLAC-PUB-16400, --MCNET-15-27",
      SLACcitation   = "%%CITATION = ARXIV:1510.00391;%%"
}
@article{aMCfast,
      author         = "Bertone, Valerio and Frederix, Rikkert and Frixione,
                        Stefano and Rojo, Juan and Sutton, Mark",
      title          = "{aMCfast: automation of fast NLO computations for PDF
                        fits}",
      journal        = "JHEP",
      volume         = "08",
      year           = "2014",
      pages          = "166",
      doi            = "10.1007/JHEP08(2014)166",
      eprint         = "1406.7693",
      archivePrefix  = "arXiv",
      primaryClass   = "hep-ph",
      reportNumber   = "CERN-PH-TH-2014-009, OUTP-14-10P",
      SLACcitation   = "%%CITATION = ARXIV:1406.7693;%%"
}
@article{APPLgrid,
      author         = "Carli, Tancredi and Clements, Dan and Cooper-Sarkar,
                        Amanda and Gwenlan, Claire and Salam, Gavin P. and
                        Siegert, Frank and Starovoitov, Pavel and Sutton, Mark",
      title          = "{A posteriori inclusion of parton density functions in
                        NLO QCD final-state calculations at hadron colliders: The
                        APPLGRID Project}",
      journal        = "Eur. Phys. J.",
      volume         = "C66",
      year           = "2010",
      pages          = "503-524",
      doi            = "10.1140/epjc/s10052-010-1255-0",
      eprint         = "0911.2985",
      archivePrefix  = "arXiv",
      primaryClass   = "hep-ph",
      SLACcitation   = "%%CITATION = ARXIV:0911.2985;%%"
}
@article{LHCb13Z,
      author         = "Aaij, Roel and others",
      title          = "{Measurement of the forward Z boson production
                        cross-section in pp collisions at $\sqrt{s} = 13$ TeV}",
      collaboration  = "LHCb",
      journal        = "JHEP",
      volume         = "09",
      year           = "2016",
      pages          = "136",
      doi            = "10.1007/JHEP09(2016)136",
      eprint         = "1607.06495",
      archivePrefix  = "arXiv",
      primaryClass   = "hep-ex",
      reportNumber   = "LHCB-PAPER-2016-021, CERN-EP-2016-170",
      SLACcitation   = "%%CITATION = ARXIV:1607.06495;%%"
}
@article{ATLAS7ZpT,
      author         = "Aad, Georges and others",
      title          = "{Measurement of the $Z/\gamma^*$ boson transverse
                        momentum distribution in $pp$ collisions at $\sqrt{s}$ = 7
                        TeV with the ATLAS detector}",
      collaboration  = "ATLAS",
      journal        = "JHEP",
      volume         = "09",
      year           = "2014",
      pages          = "145",
      doi            = "10.1007/JHEP09(2014)145",
      eprint         = "1406.3660",
      archivePrefix  = "arXiv",
      primaryClass   = "hep-ex",
      reportNumber   = "CERN-PH-EP-2014-075",
      SLACcitation   = "%%CITATION = ARXIV:1406.3660;%%"
}
@article{CMS8ZpTy,
      author         = "Khachatryan, Vardan and others",
      title          = "{Measurement of the Z boson differential cross section in
                        transverse momentum and rapidity in proton-proton
                        collisions at 8 TeV}",
      collaboration  = "CMS",
      journal        = "Phys. Lett.",
      volume         = "B749",
      year           = "2015",
      pages          = "187-209",
      doi            = "10.1016/j.physletb.2015.07.065",
      eprint         = "1504.03511",
      archivePrefix  = "arXiv",
      primaryClass   = "hep-ex",
      reportNumber   = "CMS-SMP-13-013, CERN-PH-EP-2015-059",
      SLACcitation   = "%%CITATION = ARXIV:1504.03511;%%"
}
@article{ATLAS7WpT,
      author         = "Aad, Georges and others",
      title          = "{Measurement of the Transverse Momentum Distribution of
                        $W$ Bosons in $pp$ Collisions at $\sqrt{s}=7$ TeV with the
                        ATLAS Detector}",
      collaboration  = "ATLAS",
      journal        = "Phys. Rev.",
      volume         = "D85",
      year           = "2012",
      pages          = "012005",
      doi            = "10.1103/PhysRevD.85.012005",
      eprint         = "1108.6308",
      archivePrefix  = "arXiv",
      primaryClass   = "hep-ex",
      reportNumber   = "CERN-PH-EP-2011-134",
      SLACcitation   = "%%CITATION = ARXIV:1108.6308;%%"
}


@article{Sirunyan:2018ucr,
      author         = "Sirunyan, Albert M and others",
      title          = "{Measurements of $\mathrm{t\overline{t}}$ differential
                        cross sections in proton-proton collisions at $\sqrt{s}=$
                        13 TeV using events containing two leptons}",
      collaboration  = "CMS",
      journal        = "JHEP",
      volume         = "02",
      year           = "2019",
      pages          = "149",
      doi            = "10.1007/JHEP02(2019)149",
      eprint         = "1811.06625",
      archivePrefix  = "arXiv",
      primaryClass   = "hep-ex",
      reportNumber   = "CMS-TOP-17-014, CERN-EP-2018-252",
      SLACcitation   = "%%CITATION = ARXIV:1811.06625;%%"
}

@article{Czakon:2016dgf,
      author         = "Czakon, Michal and Heymes, David and Mitov, Alexander",
      title          = "{Dynamical scales for multi-TeV top-pair production at
                        the LHC}",
      journal        = "JHEP",
      volume         = "04",
      year           = "2017",
      pages          = "071",
      doi            = "10.1007/JHEP04(2017)071",
      eprint         = "1606.03350",
      archivePrefix  = "arXiv",
      primaryClass   = "hep-ph",
      reportNumber   = "CAVENDISH-HEP-16-08, TTK-16-21",
      SLACcitation   = "%%CITATION = ARXIV:1606.03350;%%"
}

@article{Czakon:2017wor,
      author         = "Czakon, Michal and Heymes, David and Mitov, Alexander and
                        Pagani, Davide and Tsinikos, Ioannis and Zaro, Marco",
      title          = "{Top-pair production at the LHC through NNLO QCD and NLO
                        EW}",
      journal        = "JHEP",
      volume         = "10",
      year           = "2017",
      pages          = "186",
      doi            = "10.1007/JHEP10(2017)186",
      eprint         = "1705.04105",
      archivePrefix  = "arXiv",
      primaryClass   = "hep-ph",
      reportNumber   = "CAVENDISH-HEP-17-07, CP3-17-12, TUM-HEP-1084-17,
                        TTK-17-15",
      SLACcitation   = "%%CITATION = ARXIV:1705.04105;%%"
}

@misc{fastnnlo:grids,
howpublished = "\url{http://www.precision.hep.phy.cam.ac.uk/results/ttbar-fastnlo/}",
  OPTmonth =     {},
  OPTyear =      {},
  OPTnote =      {}
}

@misc{EW:kfac,
howpublished = "\url{http://www.precision.hep.phy.cam.ac.uk/results/ttbar-nnloqcd-nloew/}",
  OPTmonth =     {},
  OPTyear =      {},
  OPTnote =      {}
}

@article{Pumplin:2002vw,
      author         = "Pumplin, J. and Stump, D. R. and Huston, J. and Lai, H.
                        L. and Nadolsky, Pavel M. and Tung, W.-K.",
      title          = "{New generation of parton distributions with
                        uncertainties from global QCD analysis}",
      journal        = "JHEP",
      volume         = "07",
      year           = "2002",
      pages          = "012",
      doi            = "10.1088/1126-6708/2002/07/012",
      eprint         = "hep-ph/0201195",
      archivePrefix  = "arXiv",
      primaryClass   = "hep-ph",
      reportNumber   = "MSU-HEP-011101",
      SLACcitation   = "%%CITATION = HEP-PH/0201195;%%"
}

@article{Aad:2014qja,
      author         = "Aad, Georges and others",
      title          = "{Measurement of the low-mass Drell-Yan differential cross
                        section at $\sqrt{s}$ = 7 TeV using the ATLAS detector}",
      collaboration  = "ATLAS",
      journal        = "JHEP",
      volume         = "06",
      year           = "2014",
      pages          = "112",
      doi            = "10.1007/JHEP06(2014)112",
      eprint         = "1404.1212",
      archivePrefix  = "arXiv",
      primaryClass   = "hep-ex",
      reportNumber   = "CERN-PH-EP-2014-020",
      SLACcitation   = "%%CITATION = ARXIV:1404.1212;%%"
}

@article{Aad:2013iua,
      author         = "Aad, Georges and others",
      title          = "{Measurement of the high-mass Drell--Yan differential
                        cross-section in pp collisions at sqrt(s)=7 TeV with the
                        ATLAS detector}",
      collaboration  = "ATLAS",
      journal        = "Phys. Lett.",
      volume         = "B725",
      year           = "2013",
      pages          = "223-242",
      doi            = "10.1016/j.physletb.2013.07.049",
      eprint         = "1305.4192",
      archivePrefix  = "arXiv",
      primaryClass   = "hep-ex",
      reportNumber   = "CERN-PH-EP-2013-064",
      SLACcitation   = "%%CITATION = ARXIV:1305.4192;%%"
}

@article{Gehrmann-DeRidder:2016jns,
      author         = "Gehrmann-De Ridder, A. and Gehrmann, T. and Glover, E. W.
                        N. and Huss, A. and Morgan, T. A.",
      title          = "{NNLO QCD corrections for Drell-Yan $p_T^Z$ and $\phi^*$
                        observables at the LHC}",
      journal        = "JHEP",
      volume         = "11",
      year           = "2016",
      pages          = "094",
      doi            = "10.1007/JHEP10(2018)126, 10.1007/JHEP11(2016)094",
      note           = "[Erratum: JHEP10,126(2018)]",
      eprint         = "1610.01843",
      archivePrefix  = "arXiv",
      primaryClass   = "hep-ph",
      reportNumber   = "IPPP-16-74, ZU-TH-36-16, IPPP/16/74, ZU-TH 36/16",
      SLACcitation   = "%%CITATION = ARXIV:1610.01843;%%"
}

@article{Gehrmann-DeRidder:2016zml,
      author         = "Gehrmann-De Ridder, A. and Gehrmann, T. and Glover, E. W.
                        N. and Huss, A. and Morgan, T. A.",
      title          = "{Z+jet production at NNLO}",
      journal        = "PoS",
      volume         = "LL2016",
      year           = "2016",
      pages          = "056",
      doi            = "10.22323/1.260.0056",
      eprint         = "1607.01749",
      archivePrefix  = "arXiv",
      primaryClass   = "hep-ph",
      SLACcitation   = "%%CITATION = ARXIV:1607.01749;%%"
}

@article{Ridder:2016rzm,
      author         = "Gehrmann-De Ridder, Aude and Gehrmann, Thomas and Glover,
                        Nigel and Huss, Alexander and Morgan, Thomas A.",
      title          = "{NNLO QCD corrections for $Z$ boson plus jet production}",
      journal        = "PoS",
      volume         = "RADCOR2015",
      year           = "2016",
      pages          = "075",
      doi            = "10.22323/1.235.0075",
      eprint         = "1601.04569",
      archivePrefix  = "arXiv",
      primaryClass   = "hep-ph",
      SLACcitation   = "%%CITATION = ARXIV:1601.04569;%%"
}

@article{Ridder:2016nkl,
      author         = "Gehrmann-De Ridder, Aude and Gehrmann, T. and Glover, E.
                        W. N. and Huss, A. and Morgan, T. A.",
      title          = "{The NNLO QCD corrections to Z boson production at large
                        transverse momentum}",
      journal        = "JHEP",
      volume         = "07",
      year           = "2016",
      pages          = "133",
      doi            = "10.1007/JHEP07(2016)133",
      eprint         = "1605.04295",
      archivePrefix  = "arXiv",
      primaryClass   = "hep-ph",
      reportNumber   = "IPPP-16-39, NSF-KITP-16-067, ZU-TH-18-16",
      SLACcitation   = "%%CITATION = ARXIV:1605.04295;%%"
}

@article{Pumplin:2001ct,
      author         = "Pumplin, J. and Stump, D. and Brock, R. and Casey, D. and
                        Huston, J. and Kalk, J. and Lai, H.-L. and Tung, W.-K.",
      title          = "{Uncertainties of predictions from parton distribution
                        functions. 2. The Hessian method}",
      journal        = "Phys. Rev.",
      volume         = "D65",
      year           = "2001",
      pages          = "014013",
      doi            = "10.1103/PhysRevD.65.014013",
      eprint         = "hep-ph/0101032",
      archivePrefix  = "arXiv",
      primaryClass   = "hep-ph",
      reportNumber   = "MSU-HEP-07101, CERN-TH-2000-360",
      SLACcitation   = "%%CITATION = HEP-PH/0101032;%%"
}

@inproceedings{Kallweit:2015fta,
      author         = "Kallweit, Stefan and Lindert, Jonas M. and Pozzorini,
                        Stefano and Schönherr, Marek and Maierhöfer, Philipp",
      title          = "{NLO QCD+EW automation and precise predictions for
                        V+multijet production}",
      year           = "2015",
      pages          = "121-124",
      eprint         = "1505.05704",
      archivePrefix  = "arXiv",
      primaryClass   = "hep-ph",
      reportNumber   = "DCPT-15-56, IPPP-15-28, MITP-15-037, ZU-TH-12-15",
      SLACcitation   = "%%CITATION = ARXIV:1505.05704;%%"
}

@article{Hollik:2015pja,
      author         = "Hollik, W. and Kniehl, B. A. and Scherbakova, E. S. and
                        Veretin, O. L.",
      title          = "{Electroweak corrections to $Z$-boson hadroproduction at
                        finite transverse momentum}",
      journal        = "Nucl. Phys.",
      volume         = "B900",
      year           = "2015",
      pages          = "576-602",
      doi            = "10.1016/j.nuclphysb.2015.09.018",
      eprint         = "1504.07574",
      archivePrefix  = "arXiv",
      primaryClass   = "hep-ph",
      reportNumber   = "DESY-15-063, MPP-2015-94",
      SLACcitation   = "%%CITATION = ARXIV:1504.07574;%%"
}

@misc{LHAPDF6,
      author = {LHAPDF6},
      title = {},
      howpublished = "\url{https://lhapdf.hepforge.org/}",
      year = {}, 
}

@misc{CT18website,
      author = {CT18PDFs},
      howpublished = "\url{https://hep.pa.msu.edu/cteq/public/ct18.html} and \url{https://tinyurl.com/ct18pdfs-1}",
}

@article{Hou:2019jxd,
      author         = "Amat, Orkash and others",
      title          = "{Impact of LHC top-quark pair measurements to CTEQ-TEA
                        PDF analysis}",
      journal        = "PoS",
      volume         = "DIS2019",
      year           = "2019",
      pages          = "017",
      doi            = "10.22323/1.352.0017",
      SLACcitation   = "%%CITATION = POSCI,DIS2019,017;%%"
}

@misc{LHAPDF5,
      author = {LHAPDF5},
      title = {},
      howpublished = "\url{http://hep.pa.msu.edu/cteq/public/ct14/lhapdf/v5/}",
      year = {}, 
}

@misc{Hou:2019gfw,
      author         = "Hou, Tie-Jiun and Yu, Zhite and Dulat, Sayipjamal and
                        Schmidt, Carl and Yuan, C. -P.",
      year           = "2019",
      eprint         = "1907.12177",
      archivePrefix  = "arXiv",
      primaryClass   = "hep-ph",
      reportNumber   = "MSUHEP-19-014",
      SLACcitation   = "%%CITATION = ARXIV:1907.12177;%%"
}

@article{Balazs:1997xd,
      author         = "Balazs, C. and Yuan, C.-P.",
      title          = "{Soft gluon effects on lepton pairs at hadron colliders}",
      journal        = "Phys. Rev.",
      volume         = "D56",
      year           = "1997",
      pages          = "5558-5583",
      doi            = "10.1103/PhysRevD.56.5558",
      eprint         = "hep-ph/9704258",
      archivePrefix  = "arXiv",
      primaryClass   = "hep-ph",
      reportNumber   = "MSUHEP-70402, CTEQ-704",
      SLACcitation   = "%%CITATION = HEP-PH/9704258;%%"
}

@article{Lai:2010nw,
      author         = "Lai, Hung-Liang and Huston, Joey and Li, Zhao and
                        Nadolsky, Pavel and Pumplin, Jon and Stump, Daniel and
                        Yuan, C. -P.",
      title          = "{Uncertainty induced by QCD coupling in the CTEQ global
                        analysis of parton distributions}",
      journal        = "Phys. Rev.",
      volume         = "D82",
      year           = "2010",
      pages          = "054021",
      doi            = "10.1103/PhysRevD.82.054021",
      eprint         = "1004.4624",
      archivePrefix  = "arXiv",
      primaryClass   = "hep-ph",
      reportNumber   = "MSUHEP-100421, SMU-HEP-10-07",
      SLACcitation   = "%%CITATION = ARXIV:1004.4624;%%"
}

@article{Nadolsky:2001yg,
      author         = "Nadolsky, Pavel M. and Sullivan, Z.",
      title          = "{PDF Uncertainties in WH Production at Tevatron}",
      journal        = "eConf",
      volume         = "C010630",
      year           = "2001",
      pages          = "P510",
      eprint         = "hep-ph/0110378",
      archivePrefix  = "arXiv",
      primaryClass   = "hep-ph",
      reportNumber   = "SNOWMASS-2001-P510, FERMILAB-CONF-01-330-T, MSUHEP-11025,
                        SMU-HEP-01-11, ANL-HEP-CP-01-105, SMU-HEP --01-11,
                        OSTI-788251",
      SLACcitation   = "%%CITATION = HEP-PH/0110378;%%"
}

@article{Schmidt:2015zda,
      author         = "Schmidt, Carl and Pumplin, Jon and Stump, Daniel and
                        Yuan, C.-P.",
      title          = "{CT14QED parton distribution functions from isolated
                        photon production in deep inelastic scattering}",
      journal        = "Phys. Rev.",
      volume         = "D93",
      year           = "2016",
      number         = "11",
      pages          = "114015",
      doi            = "10.1103/PhysRevD.93.114015",
      eprint         = "1509.02905",
      archivePrefix  = "arXiv",
      primaryClass   = "hep-ph",
      SLACcitation   = "%%CITATION = ARXIV:1509.02905;%%"
}

@misc{Bailey:2019yze,
      author         = "Bailey, Shaun and Harland-Lang, Lucian",
      year           = "2019",
      eprint         = "1909.10541",
      archivePrefix  = "arXiv",
      primaryClass   = "hep-ph",
      SLACcitation   = "%%CITATION = ARXIV:1909.10541;%%"

}

@InProceedings{Thorne:2019mpt,
      author         = "Thorne, Robert S. and Bailey, Shaun and Cridge, T. and
                        Harland-Lang, Lucian A. and Martin, A. D. and Nathvani,
                        Ricky",
      title          = "{Updates of PDFs using the MMHT framework}",
      journal        = "PoS",
      volume         = "DIS2019",
      year           = "2019",
      pages          = "036",
      doi            = "10.22323/1.352.0036",
      eprint         = "1907.08147",
      archivePrefix  = "arXiv",
      primaryClass   = "hep-ph",
      SLACcitation   = "%%CITATION = ARXIV:1907.08147;%%"
}

@phdthesis{Seligman:1997fe,
      author         = "Seligman, William Glenn",
      school         = "Nevis Labs, Columbia U.",
      year           = "1997",
      url            = "http://lss.fnal.gov/cgi-bin/find_paper.pl?thesis-1997-21",
      doi            = "10.2172/1421736",
      reportNumber   = "FERMILAB-THESIS-1997-21, UMI-97-23849, NEVIS-292, CU-398,
                        R-1257",
      SLACcitation   = "%%CITATION = FERMILAB-THESIS-1997-21;%%"
}

@article{Bodek:1996zu,
      author         = "Yang, Un-Ki and others",
      title          = "{A Measurement of R = sigma-L / sigma-T in deep inelastic
                        neutrino - nucleon scattering at the Tevatron}",
      collaboration  = "CCFR/NuTeV",
      journal        = "J. Phys.",
      volume         = "G22",
      year           = "1996",
      pages          = "775-780",
      doi            = "10.1088/0954-3899/22/6/013",
      eprint         = "hep-ex/9605005",
      archivePrefix  = "arXiv",
      primaryClass   = "hep-ex",
      reportNumber   = "UR-1460, ER-40685-889",
      SLACcitation   = "%%CITATION = HEP-EX/9605005;%%"
}

@article{Barone:1999yv,
      author         = "Barone, V. and Pascaud, C. and Zomer, F.",
      title          = "{A New global analysis of deep inelastic scattering
                        data}",
      journal        = "Eur. Phys. J.",
      volume         = "C12",
      year           = "2000",
      pages          = "243-262",
      doi            = "10.1007/s100529900198",
      eprint         = "hep-ph/9907512",
      archivePrefix  = "arXiv",
      primaryClass   = "hep-ph",
      reportNumber   = "LAL-99-06",
      SLACcitation   = "%%CITATION = HEP-PH/9907512;%%"
}

@article{Paukkunen:2014zia,
      author         = "Paukkunen, Hannu and Zurita, Pia",
      title          = "{PDF reweighting in the Hessian matrix approach}",
      journal        = "JHEP",
      volume         = "12",
      year           = "2014",
      pages          = "100",
      doi            = "10.1007/JHEP12(2014)100",
      eprint         = "1402.6623",
      archivePrefix  = "arXiv",
      primaryClass   = "hep-ph",
      SLACcitation   = "%%CITATION = ARXIV:1402.6623;%%"
}

@article{Camarda:2015zba,
      author         = "Camarda, S. and others",
      title          = "{QCD analysis of $W$- and $Z$-boson production at
                        Tevatron}",
      collaboration  = "HERAFitter developers' Team",
      journal        = "Eur. Phys. J.",
      volume         = "C75",
      year           = "2015",
      number         = "9",
      pages          = "458",
      doi            = "10.1140/epjc/s10052-015-3655-7",
      eprint         = "1503.05221",
      archivePrefix  = "arXiv",
      primaryClass   = "hep-ph",
      reportNumber   = "DESY-15-035, FERMILAB-PUB-15-209-PPD, DESY-REPORT-15-035,
                        DESY Report 15-035",
      SLACcitation   = "%%CITATION = ARXIV:1503.05221;%%"
}

@article{Gottfried:1967kk,
      author         = "Gottfried, Kurt",
      title          = "{Sum rule for high-energy electron - proton scattering}",
      journal        = "Phys. Rev. Lett.",
      volume         = "18",
      year           = "1967",
      pages          = "1174",
      doi            = "10.1103/PhysRevLett.18.1174",
      SLACcitation   = "%%CITATION = PRLTA,18,1174;%%"
}
@article{Yalkun:2019gah,
      author         = "Yalkun, Nijat and Dulat, Sayipjamal",
      title          = "{QCD analysis of CMS W + charm measurements at LHC with
                        \sqrt s = 7TeV and implications for the strange PDF}",
      journal        = "Chin. Phys.",
      volume         = "C43",
      year           = "2019",
      number         = "12",
      pages          = "123101",
      doi            = "10.1088/1674-1137/43/12/123101",
      eprint         = "1908.00026",
      archivePrefix  = "arXiv",
      primaryClass   = "hep-ph",
      SLACcitation   = "%%CITATION = ARXIV:1908.00026;%%"
}
@article{Butterworth:2015oua,
	author         = "Butterworth, Jon and others",
	title          = "{PDF4LHC recommendations for LHC Run II}",
	journal        = "J. Phys.",
	volume         = "G43",
	year           = "2016",
	pages          = "023001",
	doi            = "10.1088/0954-3899/43/2/023001",
	eprint         = "1510.03865",
	archivePrefix  = "arXiv",
	primaryClass   = "hep-ph",
	reportNumber   = "OUTP-15-17P, SMU-HEP-15-12, TIF-UNIMI-2015-14,
	LCTS-2015-27, CERN-PH-TH-2015-249",
	SLACcitation   = "%%CITATION = ARXIV:1510.03865;%%"
}

@article{GolecBiernat:1998js,
      author         = "Golec-Biernat, Krzysztof J. and Wusthoff, M.",
      title          = "{Saturation effects in deep inelastic scattering at low
                        Q**2 and its implications on diffraction}",
      journal        = "Phys. Rev.",
      volume         = "D59",
      year           = "1998",
      pages          = "014017",
      doi            = "10.1103/PhysRevD.59.014017",
      eprint         = "hep-ph/9807513",
      archivePrefix  = "arXiv",
      primaryClass   = "hep-ph",
      reportNumber   = "DTP-98-50",
      SLACcitation   = "%%CITATION = HEP-PH/9807513;%%"
}

@article{Martin:2009iq,
      author         = "Martin, A. D. and Stirling, W. J. and Thorne, R. S. and
                        Watt, G.",
      title          = "{Parton distributions for the LHC}",
      journal        = "Eur. Phys. J.",
      volume         = "C63",
      year           = "2009",
      pages          = "189-285",
      doi            = "10.1140/epjc/s10052-009-1072-5",
      eprint         = "0901.0002",
      archivePrefix  = "arXiv",
      primaryClass   = "hep-ph",
      reportNumber   = "IPPP-08-95, DCPT-08-190, CAVENDISH-HEP-08-16",
      SLACcitation   = "%%CITATION = ARXIV:0901.0002;%%"
}

%PDG
@article{Tanabashi:2018oca,
      author         = "Tanabashi, M. and others",
      title          = "{Review of Particle Physics}",
      collaboration  = "Particle Data Group",
      journal        = "Phys. Rev.",
      volume         = "D98",
      year           = "2018",
      number         = "3",
      pages          = "030001",
      doi            = "10.1103/PhysRevD.98.030001",
      SLACcitation   = "%%CITATION = PHRVA,D98,030001;%%"
}

@article{Hou:2016sho,
      author         = "Hou, Tie-Jiun and others",
      title          = "{Reconstruction of Monte Carlo replicas from Hessian
                        parton distributions}",
      journal        = "JHEP",
      volume         = "03",
      year           = "2017",
      pages          = "099",
      doi            = "10.1007/JHEP03(2017)099",
      eprint         = "1607.06066",
      archivePrefix  = "arXiv",
      primaryClass   = "hep-ph",
      reportNumber   = "SMU-HEP-16-06",
      SLACcitation   = "%%CITATION = ARXIV:1607.06066;%%"
}

@misc{CT18L2Sensitivity,
  author = {CTEQ-TEA},
  howpublished = "\url{https://ct.hepforge.org/PDFs/ct18/figures/L2Sensitivity/}"
}

@article{Czakon:2018nun,
	author         = "Czakon, Michal and Ferroglia, Andrea and Heymes, David
	and Mitov, Alexander and Pecjak, Ben D. and Scott, Darren
	J. and Wang, Xing and Yang, Li Lin",
	title          = "{Resummation for (boosted) top-quark pair production at
	NNLO+NNLL' in QCD}",
	journal        = "JHEP",
	volume         = "05",
	year           = "2018",
	pages          = "149",
	doi            = "10.1007/JHEP05(2018)149",
	eprint         = "1803.07623",
	archivePrefix  = "arXiv",
	primaryClass   = "hep-ph",
	reportNumber   = "Cavendish-HEP-18/03, IPPP/18/18, TTK-18-07, Nikhef
	2018-009, CAVENDISH-HEP-18-03, IPPP-18-18,
	NIKHEF-2018-009",
	SLACcitation   = "%%CITATION = ARXIV:1803.07623;%%"
}

@misc{Czakon:2019yrx,
      author         = "Czakon, Michał and Dulat, Sayipjamal and Hou, Tie-Jiun
                        and Huston, Joey and Mitov, Alexander and Papanastasiou,
                        Andrew S. and Sitiwaldi, Ibrahim and Yu, Zhite and Yuan,
                        C. --P.",
      title          = "{A study of the impact of double-differential top
                        distributions from CMS on parton distribution functions}",
      year           = "2019",
      eprint         = "1912.08801",
      archivePrefix  = "arXiv",
      primaryClass   = "hep-ph",
      reportNumber   = "MSUHEP-19-024,TTK-19-49,Cavendish-HEP-19/19",
      SLACcitation   = "%%CITATION = ARXIV:1912.08801;%%"
}

@article{Harland-Lang:2017ytb,
      author         = "Harland-Lang, L. A. and Martin, A. D. and Thorne, R. S.",
      title          = "{The Impact of LHC Jet Data on the MMHT PDF Fit at NNLO}",
      journal        = "Eur. Phys. J.",
      volume         = "C78",
      year           = "2018",
      number         = "3",
      pages          = "248",
      doi            = "10.1140/epjc/s10052-018-5710-7",
      eprint         = "1711.05757",
      archivePrefix  = "arXiv",
      primaryClass   = "hep-ph",
      reportNumber   = "IPPP-17-85",
      SLACcitation   = "%%CITATION = ARXIV:1711.05757;%%"
}

@article{Aidala:2017ofy,
      author         = "Aidala, C. A. and others",
      title          = "{The SeaQuest Spectrometer at Fermilab}",
      collaboration  = "SeaQuest",
      journal        = "Nucl. Instrum. Meth.",
      volume         = "A930",
      year           = "2019",
      pages          = "49-63",
      doi            = "10.1016/j.nima.2019.03.039",
      eprint         = "1706.09990",
      archivePrefix  = "arXiv",
      primaryClass   = "physics.ins-det",
      reportNumber   = "FERMILAB-PUB-17-209-E",
      SLACcitation   = "%%CITATION = ARXIV:1706.09990;%%"
}

@misc{Collins:2001es,
      author         = "Collins, John C. and Pumplin, Jon",
      title          = "{Tests of goodness of fit to multiple data sets}",
      year           = "2001",
      eprint         = "hep-ph/0105207",
      archivePrefix  = "arXiv",
      primaryClass   = "hep-ph",
      reportNumber   = "DESY-01-014, MSU-HEP-10330",
      SLACcitation   = "%%CITATION = HEP-PH/0105207;%%"
}

@article{Accardi:2012qut,
      author         = "Accardi, A. and others",
      editor         = "Deshpande, A. and Meziani, Z. E. and Qiu, J. W.",
      title          = "{Electron Ion Collider: The Next QCD Frontier}",
      journal        = "Eur. Phys. J.",
      volume         = "A52",
      year           = "2016",
      number         = "9",
      pages          = "268",
      doi            = "10.1140/epja/i2016-16268-9",
      eprint         = "1212.1701",
      archivePrefix  = "arXiv",
      primaryClass   = "nucl-ex",
      reportNumber   = "BNL-98815-2012-JA, JLAB-PHY-12-1652",
      SLACcitation   = "%%CITATION = ARXIV:1212.1701;%%"
}

@misc{resbos2-paper,
	author = "{Joshua Isaacson, Bin Yan and C.-P. Yuan}",
    title          = "{ResBos-2: Precision Resummation for the LHC Era}",
	howpublished = "in preparation",
}

@article{Alekhin:2017olj,
      author         = "Alekhin, S. and Blümlein, J. and Moch, S.",
      title          = "{Strange sea determination from collider data}",
      journal        = "Phys. Lett.",
      volume         = "B777",
      year           = "2018",
      pages          = "134-140",
      doi            = "10.1016/j.physletb.2017.12.024",
      eprint         = "1708.01067",
      archivePrefix  = "arXiv",
      primaryClass   = "hep-ph",
      reportNumber   = "DESY-17-114, DO-TH-17-17, DESY-17-114-DO-TH-17-17",
      SLACcitation   = "%%CITATION = ARXIV:1708.01067;%%"
}

@article{Buza:1997mg,
    author = "Buza, M. and van Neerven, W.L.",
    archivePrefix = "arXiv",
    doi = "10.1016/S0550-3213(97)00327-1",
    eprint = "hep-ph/9702242",
    journal = "Nucl.\ Phys.\ B",
    pages = "301--324",
    reportNumber = "NIKHEF-97-007, INLO-PUB-2-97",
    title = "{O (alpha-s**2) contributions to charm production in charged current deep inelastic lepton - hadron scattering}",
    volume = "500",
    year = "1997"
}

@article{H1:2018flt,
    author = "Abramowicz, H. and others",
    collaboration = "H1, ZEUS",
    title = "{Combination and QCD analysis of charm and beauty production cross-section measurements in deep inelastic $ep$ scattering at HERA}",
    eprint = "1804.01019",
    archivePrefix = "arXiv",
    primaryClass = "hep-ex",
    reportNumber = "DESY 18-037, DESY-18-037",
    doi = "10.1140/epjc/s10052-018-5848-3",
    journal = "Eur. Phys. J. C",
    volume = "78",
    number = "6",
    pages = "473",
    year = "2018"
}

@article{Ball:2011us,
      author         = "Ball, Richard D. and Bertone, Valerio and Del Debbio,
                        Luigi and Forte, Stefano and Guffanti, Alberto and
                        Latorre, Jose I. and Lionetti, Simone and Rojo, Juan and
                        Ubiali, Maria",
      title          = "{Precision NNLO determination of alpha_s(M_Z) using an
                        unbiased global parton set}",
      journal        = "Phys. Lett.",
      volume         = "B707",
      year           = "2012",
      pages          = "66-71",
      doi            = "10.1016/j.physletb.2011.11.053",
      eprint         = "1110.2483",
      archivePrefix  = "arXiv",
      primaryClass   = "hep-ph",
      reportNumber   = "CERN-PH-TH-2011-225, EDINBURGH-2011-29,
                        FR-PHENO-2011-018, TTK-11-50, IFUM-985-FT",
      SLACcitation   = "%%CITATION = ARXIV:1110.2483;%%"
}

@article{Harland-Lang:2015nxa,
      author         = "Harland-Lang, L. A. and Martin, A. D. and Motylinski, P.
                        and Thorne, R. S.",
      title          = "{Uncertainties on $\alpha _S$ in the MMHT2014 global PDF
                        analysis and implications for SM predictions}",
      journal        = "Eur. Phys. J.",
      volume         = "C75",
      year           = "2015",
      number         = "9",
      pages          = "435",
      doi            = "10.1140/epjc/s10052-015-3630-3",
      eprint         = "1506.05682",
      archivePrefix  = "arXiv",
      primaryClass   = "hep-ph",
      reportNumber   = "LCTS-2015-17, IPPP-15-33, DCPT-15-66",
      SLACcitation   = "%%CITATION = ARXIV:1506.05682;%%"
}